4292 5467
733 616 1114 691 ΖΕἺῙΕΙἸἈΝΑ.1
1630 638 1699 703 tet

150 781 206 867 qui
237 780 300 863 Ῑεπι
327 780 378 844 his
409 782 498 847 istud
523 782 584 847 fnit
612 797 798 867 peractum,
834 786 900 870 pri·
957 768 1076 869 captosv
1094 784 1156 847 hes
1180 804 1297 849 numos
1323 788 1458 871 proprie
1481 786 1583 849 luisse
1606 789 1704 851 Puni·

149 902 239 947 annm
268 884 301 944 in
331 885 439 946 nuntis
466 887 620 948 Panormi
649 888 799 963 Siciliae,
834 908 899 972 quo
956 908 1023 951 cos.
1062 890 1178 971 Neque
1201 889 1288 950 enim
1310 890 1338 952 is
1359 900 1427 951 tota
1456 907 1495 949 ea
1523 889 1704 972 expeditio*-

150 985 228 1049 lecc
245 1000 398 1049 monetae
417 986 512 1069 hujus
529 988 814 1051 Punico-Siculae
832 1008 901 1050 me·
955 1009 998 1053 ne
1024 988 1170 1053 Africam
1200 1011 1340 1075 unquam
1368 990 1488 1065 adivit,
1522 988 1584 1053 sed
1610 1003 1703 1067 ante,

148 1087 286 1165 talium,
325 1100 437 1171 typos,
476 1087 624 1175 aliasque
652 1088 773 1152 'modos
807 1108 901 1151 enar-
956 1112 994 1155 ac
1016 1105 1092 1174 post
1115 1091 1318 1155 commissam
1336 1091 1369 1152 in
1388 1092 1527 1173 Liparae
1548 1079 1707 1176 conspec-

149 1188 313 1265 ravimus,
345 1188 465 1251 deinde
488 1192 522 1250 in
545 1190 772 1255 dissertatione
794 1190 902 1253 Phoee
956 1206 1011 1256 cto
1054 1212 1194 1276 pugnarn
1238 1192 1381 1254 Siciliam
1426 1193 1548 1267 obivit,
1604 1193 1705 1255 urbes

151 1290 243 1351 aines
264 1290 371 1351 numia
394 1289 537 1371 adjecta,
559 1291 677 1375 in'qna
697 1291 900 1375 epigraphen
956 1294 1035 1358 alias
1063 1316 1082 1355 a
1111 1295 1301 1355 Poenorum
1330 1293 1501 1356 obsidione
1532 1293 1705 1367 liberarit,

149 1390 306 1452 Punicam
346 1392 380 1452 in
420 1412 558 1455 examen
596 1394 794 1485 vocavimus.
848 1394 901 1455 Ex
955 1394 1034 1458 alias
1054 1394 1156 1476 cepit.
1196 1392 1289 1487 Quae
1314 1395 1444 1476 qnidam
1470 1398 1533 1477 jam
1560 1396 1616 1459 vel
1641 1415 1705 1460 une

152 1491 303 1553 amnibus
333 1492 438 1555 ceasia
467 1504 620 1576 apparet,
653 1494 902 1580 Carthaginien·
957 1495 1149 1559 causa-satis
1168 1494 1359 1577 persuadet,
1383 1509 1592 1559 memoratam
1611 1514 1705 1578 prae·

152 1612 206 1656 ses
236 1590 361 1655 liberos
392 1607 522 1657 moneta
552 1595 678 1679 signata
703 1617 770 1659 non
798 1596 902 1659 inisse
958 1595 1031 1658 darn
1053 1595 1237 1660 constitisse
1255 1596 1373 1679 partim
1388 1599 1493 1659 numia
1512 1597 1618 1659 omnis
1637 1616 1705 1662 mer

153 1714 251 1770 usna,
272 1694 334 1757 sed
354 1716 488 1772 aurum,
514 1710 709 1780 argentum,
739 1718 795 1761 aes
816 1718 902 1760 nter·
957 1698 1028 1760 talli
1057 1696 1186 1759 nrhinm
1217 1697 1420 1773 Sicularum,
1458 1698 1576 1781 partim
1606 1697 1706 1765 Poni÷

153 1796 200 1857 cis
233 1794 310 1859 loco
339 1795 452 1861 fuisse.
495 1798 626 1863 Etenim
656 1782 703 1875 si,
740 1812 776 1861 ut
807 1798 900 1875 alibi,
957 1800 1166 1875 c'o-Siculia,
1199 1818 1281 1881 quos
1301 1800 1567 1880 Panormitanos,
1601 1797 1706 1858 nt-di-

153 1897 231 1979 ejus·
255 1896 412 1960 valuisset
440 1921 536 1976 usus,
573 1913 770 1985 sequeretur
804 1920 900 1977 sane,
958 1902 1010 1977 ai,
1043 1920 1207 1964 vocamus·
1251 1900 1346 1982 Lego
1373 1902 1408 1961 in
1435 1901 1568 1982 dialogo
1595 1899 1706 1961 Plato·

152 2016 273 2081 magno
295 2017 367 2059 eam
388 2019 547 2075 numero,
576 2002 666 2064 utin
688 2000 901 2083 tantoimpe·
955 2002 1037 2078 nis,¹
1061 2002 1115 2065 cai
1141 2020 1263 2064 nomen
1289 2002 1448 2082 Eryxias,
1485 2001 1547 2082 tali
1573 1998 1706 2062 Cartha·

152 2096 224 2175 ric,
253 2100 416 2185 tantisque
439 2102 571 2185 opibus,
600 2102 766 2187 hodieque
787 2124 902 2187 super*
958 2103 1127 2189 ginienses
1145 2116 1275 2164 moneta
1296 2103 1355 2165 uti.
1391 2103 1500 2167 Parvo
1526 2102 1610 2167 corii
1637 2100 1706 2163 frn-

154 2219 248 2275 esae,
279 2201 353 2281 ejus
377 2194 503 2269 certum
534 2203 702 2287 aliquem,
728 2218 900 2290 ratumque
957 2204 1183 2287 atoilligattam
1200 2218 1251 2269 ost
1264 2204 1387 2288 aliquid
1399 2205 1529 2267 stateris
1543 2224 1704 2266 summurn

153 2300 256 2367 fnisse
287 2302 437 2380 modum,
470 2304 625 2381 formant,
656 2305 800 2389 pondus,
832 2306 901 2390 qui·
958 2308 1199 2391 magnitudine,
1230 2304 1307 2389 quid
1329 2325 1412 2368 vern
1432 2305 1474 2367 ait
1493 2304 1595 2382 illud,
1616 2305 1706 2391 qnod

153 2402 214 2465 hus
245 2402 343 2467 facile
374 2426 411 2468 se
442 2405 665 2482 discerneret,
695 2406 832 2489 perinde
863 2426 901 2470 as
958 2407 1120 2491 illigatum
1136 2420 1203 2483 est,
1221 2426 1323 2469 nemo
1337 2406 1446 2483 novit,
1463 2406 1527 2467 nisi
1546 2406 1604 2489 qni
1618 2406 1706 2468 istud

102 2534 109 2550 ·
154 2514 287 2567 monta
333 2506 583 2583 Romanorum,
636 2508 902 2585 Atheniensium,
959 2508 1093 2573 iaciunt.
1133 2508 1199 2570 Illo
1226 2506 1345 2571 deinde
1374 2507 1544 2590 obsignato
1565 2524 1628 2589 p'ro
1649 2528 1708 2569 nu·

153 2606 378 2692 aliorumque,
413 2620 448 2671 et
473 2607 508 2667 in
536 2608 653 2691 primis
682 2608 765 2673 adeo
796 2611 903 2674 acien-
958 2594 1107 2674 ¹arismate
1145 2624 1290 2675 utuntur.
1333 2610 1426 2671 Haec
1461 2608 1604 2671 narratio
1629 2609 1706 2697 ‚etsi

154 2710 219 2771 tiae
255 2722 387 2771 cosmae
425 2709 628 2775 incunabulis
666 2732 736 2775 rem
771 2712 902 2777 Cartha·
959 2712 1088 2776 fabulae
1117 2712 1266 2780 rideatur
1296 2711 1452 2793 propior,
1480 2711 1554 2773 cnm
1582 2709 1705 2793 alioqui

155 2810 354 2893 giniensium
391 2814 603 2876 monetariam
645 2811 748 2876 inisse
789 2812 904 2895 cogni·
959 2813 1164 2896 isdialogna
1191 2815 1279 2877 iuter
1298 2812 1443 2874 Platonis
1472 2812 1592 2873 nothos
1619 2810 1707 2873 refe·

155 2926 239 2987 tam,
280 2910 323 2974 de
358 2932 420 2997 qua
455 2925 564 2975 tamen
599 2913 634 2975 in
674 2915 761 2976 hunc
798 2934 901 2999 usqne
958 2929 1069 2995 rator-3
1100 2928 1209 2979 tamen
1231 2937 1275 2979 na
1295 2913 1378 2997 fingi
1393 2910 1525 2996 quidem
1542 2912 1629 2975 istud
1648 2932 1709 2995 po·

96 3005 100 3013 ’
156 3010 244 3075 diem
268 3010 482 3097 disceptatur.
511 3014 627 3077 Gravis
649 3017 835 3099 argumenti
858 3018 906 3078 in·
960 3018 1094 3094 tuisset,
1122 3017 1150 3079 ai
1175 3039 1237 3103 qna
1260 3017 1390 3101 cognita
1412 3014 1528 3077 inisset
1550 3013 1622 3095 ejna
1648 3032 1705 3097 po·

155 3128 223 3179 star
237 3126 304 3189 eat,
323 3116 411 3199 qnod
426 3118 605 3199 scriptores
617 3128 748 3181 veteres
764 3119 798 3180 in
812 3138 907 3202 prae·
961 3120 1031 3203 puli
1050 3118 1173 3202 signata
1191 3119 1340 3201 pecunia.
1369 3118 1525 3179 Ceterum
1543 3114 1706 3179 Aristides

157 3216 197 3281 da
215 3217 420 3300 Carthaginis
444 3216 494 3280 his
519 3240 537 3281 a
562 3219 770 3300 Scipionibus
792 3234 910 3304 captae
962 3238 1095 3303 quoqne
1123 3234 1238 3284 auster
1266 3233 1333 3295 est,
1363 3217 1559 3299 Carthagine
1589 3236 1707 3281 numos

156 3320 287 3403 argenti
312 3319 397 3383 illati
418 3322 524 3383 solum
551 3320 678 3403 pondua
703 3342 906 3389 memorare·
961 3336 1110 3387 scorteos
1136 3321 1276 3384 saluisse
1299 3320 1341 3401 ⁸).
1383 3319 1507 3380 Habuit
1527 3338 1610 3401 ergo
1631 3318 1730 3381 cars·

154 3434 253 3496 runt,
280 3441 356 3483 cnm
372 3434 479 3491 tamen
494 3422 608 3487 Livius
627 3422 747 3505 aliique
762 3426 794 3485 in
813 3438 907 3508 prae·-
961 3423 1060 3506 thago
1084 3420 1172 3485 istud
1194 3440 1323 3505 quoqne
1348 3440 1421 3485 cum
1440 3419 1599 3484 Corintho
1620 3437 1720 3509 corn·-

155 3520 219 3587 dae
246 3523 492 3606 Hispaniensis,
532 3524 781 3603 Macedonicae,
815 3525 906 3588 Asia*
960 3522 1204 3609 mune,.qnod,
1225 3523 1311 3585 sicut
1329 3522 1408 3584 urbs
1428 3534 1565 3605 utraque
1588 3517 1708 3583 eodem

156 3624 243 3688 tieae
273 3638 367 3709 parte
398 3648 464 3689 non
494 3628 622 3711 argenti
656 3626 757 3691 medo
791 3626 905 3691 iniecti
961 3646 1047 3691 anno
1073 3626 1137 3689 init
1161 3646 1295 3703 eversa,
1327 3622 1445 3688 eodem
1474 3618 1595 3684 deinde
1622 3640 1712 3684 anno

158 3724 305 3811 pondus,
333 3725 394 3791 aed
420 3727 498 3791 iacti
524 3730 622 3793 etiam
648 3734 686 3793 'et
710 3730 827 3813 signati
855 3750 907 3793 so·
962 3728 1103 3793 deducta
1126 3728 1256 3791 colonia
1282 3727 1442 3801 surrexit,
1465 3724 1515 3787 sic
1537 3722 1712 3804 utriusque

157 3828 206 3890 liti
230 3828 298 3891 sint
319 3830 517 3897 meminisse.
553 3832 628 3893 Non
655 3830 844 3908 dissimulo,
872 3832 907 3895 in
963 3829 1116 3915 quanfflin
1136 3830 1188 3893 aui
1204 3828 1332 3893 arbitrii
1353 3829 1434 3905 fuit,
1460 3839 1570 3893 certos
1594 3842 1726 3887 numos·

156 3928 300 4013 praeda,
330 3951 426 4015 qnam
454 3932 491 3998 C.
511 3932 653 3995 Duillius
681 3934 775 3999 victis
804 3932 908 4018 prima
962 3954 1029 3998 neu
1051 3932 1220 3997 habemus.

158 4052 268 4117 pugna
298 4034 458 4097 maritima
480 4036 602 4099 Poenis
630 4048 830 4113 extorserat,
861 4049 912 4099 te·
1029 4036 1190 4097 Coloniae
1210 4032 1415 4118 Carthaginis
1443 4031 1538 4115 pansi
1566 4040 1711 4098 exstant.

157 4146 207 4199 ate
239 4133 363 4219 insigni
391 4137 543 4201 columna
572 4150 711 4201 rostrata
740 4138 910 4203 numerari
963 4150 1126 4221 snatqner
1240 4197 1246 4208 ,

161 4235 302 4299 aaron.
324 4238 516 4303 cleron.
535 4238 678 4304 trvnet
699 4252 767 4323 ‚eta
794 4261 913 4321 argee·
1026 4237 1203 4301 anisio.
1237 4224 1500 4303 nvrvnuat.
1535 4230 1711 4297 nicaen.

162 4338 272 4401 Tou.
306 4338 501 4403 CAPTOM.
534 4342 723 4403 PRAEDA.
755 4343 907 4407 NVMEI.
965 4341 1062 4405 st.
1088 4340 1210 4419 Capita
1223 4340 1418 4419 dnoy'ugntn
1433 4333 1711 4396 nudat'mberba'c.

116 4442 119 4451 ¹
161 4452 225 4505 erc.
261 4440 459 4507 caenon.
494 4424 589 4508 aas,
620 4459 683 4510 aa.
729 4446 907 4505 Numerum
965 4440 1213 4505 eveneris.
1233 4440 1332 4501 nan.
1359 4436 1525 4516 Templum
1541 4444 1572 4509 t.
1589 4433 1712 4505 aona.-

162 4540 235 4603 ride
261 4543 349 4625 apnd
375 4532 581 4607 Ciacconiurn
609 4547 679 4631 ejus
708 4545 909 4609 monumenti
965 4542 1231 4607 aarum..AE.1.
1256 4535 1660 4623 (laearoredum.)

162 4642 391 4727 interpretem.
433 4648 477 4707 At
506 4652 593 4712 enim
620 4648 752 4732 probari
779 4649 913 4734 nequit,
1033 4646 1140 4707 Alius
1162 4644 1308 4715 similis,
1341 4645 1401 4705 sed
1423 4640 1599 4723 epigraphe
1624 4656 1715 4697 cocr-

164 4765 1705 4813 -ss--mw
1821 4807 1827 4817 ⁴

197 4834 228 4903 a)
248 4836 332 4893 Orat.
346 4836 383 4893 ll.
399 4835 513 4896 Platon.
531 4857 612 4915 p-ttt·
631 4850 690 4903 tto·
1119 4907 1123 4915 .
1145 4912 1149 4919 ,
1351 4914 1357 4921 ,
1437 4912 1440 4915 ⁴

224 4944 412 5027 (πνουν.)
634 4928 637 4935 ’
911 4945 916 4951 ’
1251 4927 1258 4936 ’
1429 4941 1454 5000 ⁸
