4292 5467
457 617 528 710 ¹96
954 664 961 674 .
1110 597 1300 677 curve
1335 600 1362 668 1.

449 775 576 845 ntor.
625 777 693 840 Sui
726 775 938 859 praetoribus
974 771 1024 833 M.
1052 771 1198 834 Aurelio
1255 767 1346 852 apud
1368 765 1449 829 iilos
1473 768 1643 830 contrario
1673 783 1766 828 nerto
1794 767 1840 828 ad
1864 767 1905 828 id
1932 761 2001 848 affi-

447 884 602 947 tZeuride
616 879 764 941 etLaaio
781 877 901 939 iisllio.
923 872 1073 935 Alterum
1089 892 1199 937 esem·
1255 874 1342 935 aium
1358 869 1568 944 admittitur,
1596 867 1665 930 nisi
1682 867 1819 928 honesto
1843 867 1936 942 loeo,
1968 877 2000 928 et

421 1061 426 1066 Ι
450 985 541 1068 plum
557 982 645 1045 forte
660 977 818 1063 praebent
835 997 925 1039 numu
915 974 1124 1058 Mytilenen,
1139 971 1199 1038 sed
1254 973 1422 1037 industria
1438 971 1590 1052 cognita,
1616 969 1707 1050 qaod
1723 987 1851 1032 neeesse
1868 979 1923 1031 est
1936 985 2001 1028 anr-

450 1105 589 1170 qaorum
605 1081 706 1147 lertio
720 1079 827 1143 dubis.
845 1079 888 1141 ln
905 1077 1004 1141 eitrto
1021 1097 1118 1160 snpra
1131 1077 1199 1160 117·
1254 1076 1347 1136 ιιίιιιιι
1368 1073 1583 1134 consiliarum
1605 1089 1680 1134 eum
1702 1091 1774 1133 esse
1791 1071 2002 1150 participem.

449 1205 574 1270 peepse
602 1181 726 1267 Lydiae
754 1200 875 1245 numos
917 1175 1011 1244 ΕΠΙ.
1036 1173 1199 1240 ΚΙΙΡΙΝ·
1256 1177 1404 1239 'I'ennem
1433 1173 1529 1237 etiam
1559 1171 1742 1236 scriberem
1769 1167 1940 1252 θγιιοιιιίι
1969 1181 2002 1232 et

451 1283 557 1352 ΘΟΤ.
586 1286 628 1356 Δ.
652 1281 819 1348 CTPAT.
851 1282 893 1348 A.
937 1280 1006 1344 Sub
1040 1269 1198 1344 Cerintho
1256 1277 1393 1342 Athenis
1416 1275 1518 1338 faisse
1541 1274 1723 1348 fortunam,
1753 1269 1877 1335 ibidem
1903 1271 2002 1353 Spon-

451 1400 574 1464 quarta
589 1390 659 1450 vire
673 1397 827 1470 praetore
838 1385 957 1466 primo.
980 1381 1097 1445 Plures
1113 1378 1198 1464 opud
1254 1377 1383 1442 hemius
1400 1398 1442 1441 ex
1429 1375 1622 1444 veteribus
1636 1371 1777 1451 coniicit,
1789 1373 1839 1437 sie
1853 1387 1892 1436 ut
1907 1373 2002 1435 etism

453 1487 625 1570 Smyrnam
660 1495 822 1548 memorat
855 1481 1000 1546 mernior
1031 1481 1199 1547 Oxonien·
1255 1479 1398 1560 inerret,
1440 1481 1643 1561 apparitoris
1677 1476 1755 1540 loeo
1792 1473 2003 1554 haberentur.

451 1608 505 1664 se,
536 1587 625 1674 qnod
646 1601 697 1652 est
718 1584 835 1649 ordine
857 1583 1056 1649 secundumn
1095 1580 1200 1645 ΕΔΟ-
1256 1583 1338 1644 Eam
1361 1595 1469 1644 temen
1493 1578 1572 1642 olibi
1595 1577 1695 1640 inisse
1720 1576 1904 1680 illustrem,
1935 1577 2005 1660 ple·

450 1685 554 1753 ΞΕΝ.
572 1686 672 1755 ΤΩΙ.
691 1683 867 1751 ΔΗΜΩΙ.
882 1679 1197 1751 ΣΤΡΑΤΗΓΩΝ.
1253 1703 1396 1769 namque
1411 1681 1593 1765 diguitatis,
1615 1669 1826 1764 utqueetiam
1843 1690 2006 1761 potestate

451 1785 482 1851 Γ
484 1788 516 1854 N
520 1785 649 1856 ΩΜΗ.
681 1791 818 1853 Placuit
834 1786 957 1870 populo
973 1786 1014 1848 de
1031 1787 1200 1849 sententia
1252 1786 1483 1870 eonspieunm,
1509 1801 1586 1845 enm
1608 1782 1723 1845 eitntus
1743 1779 1880 1864 Nepotis
1900 1780 2005 1855 loeus,

448 1905 650 1976 praetorum.
677 1893 722 1953 ‘In
738 1907 911 1954 marmore
936 1887 1051 1972 Sponii
1072 1889 1200 1950 Bonne-
1255 1899 1325 1949 tnm
1342 1899 1375 1950 et
1390 1896 1599 1950 monuments
1615 1882 1677 1947 elia
1693 1880 1815 1946 affatim
1832 1895 2006 1945 testamur.

451 2008 504 2055 tus
524 1991 645 2057 dieitur
662 1986 966 2055 ΣΤΡΑΤΗΓΟΣ.
981 1979 1199 2070 ΠΡΩΤῼΣ.
1252 1987 1325 2050 ned
1356 1988 1443 2049 enim
1472 1987 1583 2070 dispar
1614 1984 1697 2048 haee
1729 1983 1818 2058 ratio,
1846 1983 1932 2044 nihil
1966 1983 2007 2045 sd

452 2089 545 2159 ΔΙΣ.
574 2097 715 2157 Praetor
727 2096 856 2174 primus
872 2097 993 2154 iterum
1011 2091 1053 2172 ⁸).
1081 2088 1201 2151 Temni
1255 2103 1465 2174 praesentem
1487 2107 1616 2151 censam
1636 2085 1724 2151 iecit.
1755 2085 1918 2148 Nimirum
1942 2104 2007 2147 non

452 2194 602 2258 Aeolidis
626 2193 831 2277 praesedisse
856 2206 1025 2274 praetores
1047 2191 1201 2276 quinque,
1257 2205 1309 2254 est
1329 2189 1542 2275 spectandum
1560 2209 1699 2266 nomen,
1725 2189 1814 2272 qnod
1835 2187 1917 2251 dure
1940 2207 2008 2250 mn·

453 2296 564 2379 psallo
583 2317 681 2380 supra
701 2316 742 2359 ex
761 2295 930 2358 Ciceronis
951 2293 1137 2357 testimonio
1158 2291 1203 2359 ti·
1257 2293 1332 2355 neri
1366 2292 1504 2375 cuipiam
1542 2289 1676 2374 pubiieo
1712 2291 1836 2354 eivitnti
1871 2289 2008 2372 placuit,

456 2396 574 2462 dimas.
1251 2391 1318 2458 aed
1337 2406 1492 2478 qusniam
1509 2393 1672 2477 dignitatis
1691 2404 1725 2453 et
1742 2391 1913 2474 potestatis
1935 2410 2009 2453 cnm
2103 2423 2104 2440 ι

517 2497 572 2561 Sin
594 2508 638 2559 -et
665 2508 850 2578 praeturam
880 2495 1007 2578 saepius
1035 2497 1203 2574 iterntnm,
1251 2495 1322 2559 'hoe
1343 2497 1476 2559 nomine
1498 2496 1599 2558 fuerit
1620 2492 1843 2575 conjunctam.
1888 2493 1945 2555 Sin
1975 2505 2010 2554 ot

453 2617 552 2679 supra
589 2595 740 2660 vidimus.
781 2598 819 2656 in
856 2616 956 2659 numo
992 2597 1205 2660 Clazomenn·
1259 2595 1293 2657 in
1322 2597 1473 2680 populari
1500 2595 1663 2681 regimine
1682 2589 1852 2666 niritnt'um
1875 2593 2010 2656 Germe·
2103 2599 2104 2636 i

453 2719 527 2762 ram
557 2698 680 2779 legitur
699 2697 851 2760 Zosimus
881 2702 1202 2779 praetermisimus,
1257 2698 1333 2761 nine
1364 2698 1452 2761 inter
1481 2701 1586 2782 prima
1615 2697 1823 2779 magistratus
1853 2695 2010 2759 subsellis

454 2821 520 2886 qun
539 2799 719 2863 auctiorem
738 2820 911 2862 numerum
935 2821 1001 2862 non
1027 2787 1202 2872 hebemas3
1257 2799 1366 2862 lorum
1383 2798 1565 2877 obtinetis,
1582 2798 1638 2882 qui
1654 2799 1765 2862 sariba
1780 2799 1873 2860 urbis
1887 2795 2012 2876 (Studi-

455 2897 638 2987 quanquam
660 2912 694 2962 et
714 2901 748 2960 in
770 2900 917 2984 Aspendi
946 2921 1045 2964 namo
1072 2901 1202 2984 legatur
1260 2899 1446 2983 schreiber)
1468 2901 1670 2985 appelletur,
1695 2913 1734 2964 et
1761 2900 1864 2982 longo
1896 2897 2011 2960 differt

457 2997 678 3063 eeMtAOC.
694 3000 766 3062 ΤΟ.
785 3001 822 3063 G.
841 3015 873 3065 et
888 3003 922 3064 in
940 3022 1102 3066 marmore
1122 3004 1204 3086 Spo-
1250 3023 1282 3066 ¹r
1309 3001 1489 3064 seribernm
1516 3000 1641 3086 vulgo,
1671 3001 1735 3086 qui
1769 3001 2011 3064 mercenariam

455 3101 503 3165 nii
528 3102 685 3166 hebemus
710 3102 795 3185 apud
815 3105 951 3186 Megara
969 3103 1095 3166 Atticae
1114 3101 1204 3167 One·
1261 3114 1384 3165 tontum
1423 3124 1576 3165 mnnaum
1612 3103 1831 3166 ministerium
1868 3121 2013 3166 eommo-

458 3203 573 3267 eielem
604 3226 760 3290 steropas
790 3203 846 3271 ΒΙ.
877 3206 912 3267 id
944 3219 1013 3269 est:
1052 3207 1205 3268 duodeci·
1252 3203 1350 3268 'dent
1392 3205 1494 3268 iulius
1531 3203 1651 3268 Pollux
1686 3204 1777 3269 naria
1811 3204 2012 3278 scribarum,

347 3353 354 3364 t
457 3327 546 3367 mum
567 3302 613 3386 Ιι).
1255 3305 1319 3388 qni
1341 3303 1477 3368 Athenis
1498 3307 1614 3384 inere,
1647 3327 1784 3369 manere
1814 3323 2015 3370 commemo·

924 3437 945 3473 e
1115 3437 1117 3440 ·
1259 3419 1328 3484 ηις
1358 3405 1439 3468 alius
1465 3405 1617 3468 nimirum
1642 3406 1722 3482 suit,
1747 3405 1805 3491 qui
1826 3406 1917 3489 juste
1941 3427 2016 3488 pry·
2103 3423 2104 3502 ι

520 3500 883 3587 ΓΡΑΜΜΑΤΕΤΣ,
913 3509 1081 3570 senten.
1123 3509 1204 3593 Ejus
1259 3520 1387 3569 teneam
1410 3507 1535 3570 electus
1558 3521 1648 3572 sorte
1662 3508 1732 3569 init
1762 3508 1804 3570 ad
1834 3506 2015 3571 servandas
2103 3551 2104 3560 ι

772 3427 778 3436 ,
819 3388 839 3426 G

458 3608 602 3672 conditio
623 3607 708 3691 apud
735 3609 838 3671 varias
860 3610 1006 3673 civitates
1023 3611 1112 3675 varin
1132 3611 1203 3676 fuit.
1259 3607 1384 3671 tabulas
1405 3622 1441 3671 et
1462 3608 1617 3686 decreta,
1648 3608 1732 3672 nlius
1762 3608 1890 3671 eleetos
1920 3629 1939 3669 ιι
1966 3627 2017 3668 se·

459 3709 605 3778 viluisse
640 3710 786 3786 Romae,
823 3711 971 3792 pinrihus
1010 3711 1203 3775 testimoniis
1260 3723 1337 3771 nota
1366 3709 1405 3772 ed
1433 3709 1547 3792 leges,
1578 3709 1660 3774 elius
1682 3709 1810 3772 eiectus
1832 3731 1850 3773 ι
1872 3708 2015 3792 populo,

461 3809 560 3874 evicit
582 3809 797 3893 spanhemius
817 3813 870 3889 ο),
899 3832 1038 3893 quornm
1059 3813 1207 3876 luculen·
1261 3809 1432 3892 prneiegit
1446 3812 1572 3874 seuntui
1591 3825 1627 3876 et
1649 3812 1772 3894 populo
1794 3808 1838 3891 ἃ).
1874 3811 1926 3872 Ex
1949 3829 2017 3892 quo

461 3911 621 3974 tissimum
644 3924 695 3973 est
714 3911 862 3974 Cornelii
881 3913 1019 3994 Nepotis
1041 3905 1231 3997 loquentis‘
1260 3924 1414 3993 apparet,
1451 3911 1485 3972 in
1514 3913 1595 3994 ipsis
1627 3914 1725 3974 etism
1755 3911 1896 3974 Athenis
1927 3912 2018 3974 inter
2103 3895 2104 3954 ]

462 4013 505 4075 de
521 4013 689 4085 Eumene,
709 4015 838 4088 itaque,
855 4012 977 4097 inquit,
995 4036 1070 4075 eum
1088 4017 1206 4076 habuit
1263 4011 1385 4075 scribas
1398 4011 1501 4076 inisse
1512 4013 1654 4076 honoris
1672 4012 1863 4078 discrimen.
1890 4013 1945 4074 De
1964 4031 2019 4076 var
2103 4025 2104 4074 ἑ

462 4112 648 4197 (Philippus
668 4112 842 4195 Amyntae)
867 4116 913 4175 ad
933 4135 1066 4176 manum
1089 4113 1207 4177 schl-
1262 4113 1311 4176 riu
1332 4113 1393 4178 hne
1416 4113 1595 4178 scribarum
1617 4115 1704 4200 apud
1726 4115 1874 4178 Graecos
1902 4113 2021 4177 eondi-

462 4214 567 4276 BAE
588 4217 678 4290 loro,
707 4217 795 4295 quod
816 4217 920 4277 multo
947 4217 1036 4296 apud
1062 4213 1209 4278 Graecas
1264 4215 1355 4277 tione
1382 4215 1460 4300 lege
1491 4219 1661 4298 praeclare
1693 4216 1914 4278 disserentem
1945 4215 2021 4276 Bis·

461 4313 730 4398 honorificentius
752 4327 823 4389 est,
856 4332 953 4396 quam
975 4316 1065 4397 apud
1088 4315 1210 4377 Roma·
1265 4315 1354 4400 gium
1376 4323 1416 4397 ⁸).
1446 4315 1500 4378 Ad
1518 4318 1623 4380 nostri
1640 4316 1827 4400 argumenti
1843 4335 1964 4379 numos
1986 4327 2021 4377 ut
2103 4341 2104 4348 ¹

463 4435 533 4476 nas.
565 4412 652 4477 Nam
664 4418 761 4496 apud
778 4435 838 4476 aas
852 4435 981 4488 reuera,
1008 4419 1096 4476 sicut
1118 4428 1208 4493 suat,
1263 4429 1431 4494 revertur,
1460 4431 1588 4480 nemum
1620 4431 1689 4491 est,
1725 4419 1760 4480 in
1790 4417 1929 4480 urbibus
1948 4418 2021 4492 iis,
2103 4435 2104 4474 1

464 4518 659 4576 mercenarii
695 4517 824 4578 seriiae
858 4519 1109 4578 existimantur.
1152 4517 1208 4578 At
1258 4537 1403 4600 queram
1427 4519 1612 4604 estnlognm
1641 4519 1740 4597 dedi,
1779 4519 1923 4583 scribam
1956 4540 2022 4586 mn·
2103 4541 2104 4600 t

2103 4643 2104 4682 ι

500 4733 531 4801 ι)
551 4732 635 4789 hiisc.⁴
649 4749 681 4806 p·
692 4737 754 4796 556.
771 4753 801 4791 n.
812 4747 857 4806 99:
967 4733 1002 4806 b)
1021 4735 1144 4793 Miscell.
1160 4750 1265 4812 p.329.
1282 4751 1365 4800 mio·
1477 4743 1509 4812 e)
1527 4743 1562 4798 tt.
1574 4743 1595 4800 1.
1614 4761 1645 4820 p.
1655 4753 1719 4806 703.
1835 4741 1874 4812 d)
1894 4741 2022 4800 ΙΛἸΙΙ.

465 4828 611 4891 regn-93·
721 4825 751 4892 e)
771 4821 810 4878 de
826 4825 943 4882 Dreros.
960 4823 1068 4880 Athen.
1088 4845 1114 4881 r.
1127 4837 1170 4890 ss.
2103 4835 2104 4868 2
