4292 5467
607 638 683 709 ne
715 637 972 731 vuuteys
1003 639 1218 715 sature.
1619 657 1690 729 aaa
1763 665 1771 700 =

133 826 205 870 nem
238 802 426 871 enunciant.
478 806 553 872 Alia
586 805 782 891 significatio
819 821 880 883 est,
938 828 1002 892 qne
1023 800 1181 873 uocabulo
1204 808 1468 874 adiudicandum
1492 812 1685 896 provinoiee'
1768 862 1771 869 .

133 930 206 973 cum
221 909 303 994 quid
316 909 482 974 indicatur
496 910 638 993 primum
655 910 782 973 ratione
801 924 882 972 tem·
937 921 1034 995 caput
1053 932 1129 975 usos
1147 924 1293 990 constet,
1315 912 1406 996 eujus
1423 914 1516 996 plura
1533 914 1686 1001 exempla

132 1010 239 1095 poris,
273 1026 308 1075 ut
329 1010 363 1073 in
387 1012 529 1076 denariis
555 1012 664 1097 gestis
687 1011 880 1076 luninech
938 1012 1068 1076 adducit
1082 1014 1296 1096 spanhemius
1312 1018 1352 1095 ¹).
1386 1014 1434 1078 Aa
1450 1016 1683 1102 jureqnidem.

131 1113 326 1181 BRVTVS:
339 1114 516 1181 PRIMVS.
535 1112 691 1179 COaSul.
706 1114 761 1177 rel
777 1116 883 1177 idem·
937 1116 1020 1179 Nam
1036 1136 1110 1179 cum
1125 1160 1147 1192 ,.
1164 1130 1199 1177 ut
1224 1116 1259 1176 in
1284 1117 1456 1199 superiore
1482 1134 1619 1184 tractatu
1640 1123 1688 1183 di·

132 1218 238 1281 mite:
259 1214 881 1294 neutt1V8.tEDtttscEttttLtt.
938 1217 1064 1293 ximus,
1087 1230 1192 1281 aetate
1210 1217 1387 1281 Caesarum
1411 1223 1543 1285 nomine
1565 1236 1687 1286 metro·

132 1318 342 1386 PREIMVS.
370 1318 521 1382 rectat-
556 1318 682 1381 Similia
706 1318 825 1383 lamem
848 1332 884 1383 et
938 1318 1025 1401 polis
1047 1317 1185 1382 indicari
1207 1320 1330 1381 soleret
1351 1320 1450 1400 urbs,
1472 1344 1555 1407 quae
1574 1322 1688 1408 'digni-

131 1442 258 1485 nomen
291 1420 440 1483 tribuere
474 1435 633 1504 possunt,
656 1434 689 1486 at
714 1434 782 1485 non
803 1442 883 1506 prae
938 1431 1006 1493 tete
1025 1420 1128 1503 prima
1146 1420 1226 1498 mit,
1243 1434 1396 1506 poterant
1415 1426 1611 1508 scriptores,
1632 1425 1688 1512 qui
1786 1502 1790 1509 .

132 1508 207 1587 eliis
247 1523 492 1592 excellentiam.
547 1524 662 1589 Tertia
700 1537 773 1601 eet,
807 1541 882 1587 cum
938 1522 1079 1585 'subtiles
1112 1520 1350 1588 Graeculorum
1389 1524 1597 1591 definitiones
1631 1540 1687 1593 aut

132 1622 214 1709 qnid
243 1624 396 1709 proditur
427 1625 568 1710 primum
592 1646 688 1689 cansa
712 1608 884 1709 'dignitatis
939 1625 1156 1708 ignorarunt,
1188 1639 1243 1688 aut
1274 1640 1564 1711 contempserunt,
1595 1630 1687 1695 nullo

133 1741 168 1791 et
187 1728 403 1805 eminentiae,
425 1740 461 1789 nt
480 1728 514 1789 in
530 1740 667 1791 tractatu
685 1720 886 1811 praeceden-
941 1726 1113 1810 ambiguae
1144 1728 1300 1790 erationis
1331 1730 1481 1813 periculo
1513 1744 1687 1819 utrumqne
1765 1792 1775 1807 ,

134 1844 167 1893 te
192 1822 678 1896 vidimusMHTPOIlOAlC.
698 1826 884 1894 ssPttTtt.
941 1845 1062 1893 nomen
1086 1830 1224 1913 perinde
1246 1830 1380 1894 hahere.
1423 1834 1531 1915 litque
1552 1853 1595 1896 ex
1616 1834 1688 1918 ipso
1795 1890 1801 1924 ·.

137 1934 340 2013 Metropolis
351 1936 481 2015 primo,
493 1929 537 1991 'in
549 1930 656 1992 nomia
671 1929 743 1993 aliis
758 1928 883 1996 obviis't
942 1922 1075 2016 quidem
1092 1931 1233 2013 syllaba,
1251 1952 1349 2017 queat
1368 1933 1601 2015 praefixorum,
1619 1956 1692 2001 cre-

135 2031 322 2096 APan.
344 2035 387 2094 A.
431 2032 577 2095 Archon
593 2036 735 2114 primus.
777 2034 884 2105 Nemo
937 2032 986 2094 do
1016 2052 1113 2117 posse
1137 2034 1286 2117 exempla
1321 2034 1426 2111 sumi,
1456 2036 1610 2119 quaedem
1636 2044 1690 2102 ur'·

134 2122 1689 2222 mfflmfflmmmmmmm-wmmmmmfflwmfflme

136 2235 285 2321 gementi
310 2236 351 2300 ad
379 2236 513 2299 tertium
538 2235 625 2301 istud
653 2254 758 2319 genus
786 2235 888 2320 perti·
944 2238 1164 2319 metropoles,
1191 2236 1225 2297 id
1251 2250 1323 2313 est,
1353 2238 1458 2321 capita
1483 2261 1561 2307 suae
1582 2243 1691 2327 regio·
1812 2224 1818 2235 ⁴

136 2359 237 2414 nere,
259 2318 348 2423 quod
369 2340 531 2403 honorem
553 2328 760 2414 sibiurbes,
791 2352 825 2403 et
850 2352 887 2403 nt
943 2339 995 2401 nis
1017 2351 1138 2403 essent.
1192 2338 1247 2401 Sic
1270 2338 1428 2421 Mytilene
1452 2339 1538 2405 dicta
1568 2340 1690 2409 ΠΡΩ-

137 2441 213 2505 uliae
248 2440 515 2523 praecellerent,
547 2440 764 2525 quaesivere,
794 2440 887 2526 qnid·
946 2436 1018 2500 ΤΗ,
1048 2436 1254 2516 AGCBOT,
1286 2440 1474 2525 Sagalassos
1505 2441 1690 2513 ΠΡΩΤΗ.

138 2563 266 2625 cunque
288 2541 410 2605 deinde
431 2541 533 2605 fuerit
552 2541 653 2620 illud,
675 2544 768 2627 cujus
791 2564 887 2607 censa
945 2538 1183 2617 tttctnttN„
1214 2540 1290 2624 quia
1314 2542 1385 2605 sine
1411 2542 1512 2607 dubio
1534 2545 1590 2609 illa
1613 2548 1690 2612 erbe

139 2665 172 2709 se
188 2666 315 2725 κςωτας
335 2643 401 2706 diei
416 2644 576 2710 volucre,
610 2644 759 2734 Similem
782 2645 888 2730 digui-
944 2644 1099 2727 princepe
1126 2641 1250 2720 Lesbi,
1276 2642 1360 2707 haec
1380 2644 1523 2709 Pisidiae
1543 2645 1688 2713 fuerunt.

141 2748 211 2809 tetis
235 2746 398 2809 rationem
420 2744 521 2809 habet
547 2742 887 2831 epigraphetMAI‘·
944 2748 1070 2808 Tamen
1099 2738 1266 2827 reperisse
1293 2744 1497 2811 Graecorum
1524 2732 1697 2833 ingeniolu-
1776 2762 1780 2765 ’

142 2844 329 2910 ΝΗΤΩΝ.
359 2843 562 2913 essqutt
585 2846 687 2912 THC.
721 2848 886 2924 actae„
943 2868 1060 2913 rorum
1090 2848 1178 2910 inter
1199 2847 1605 2933 utrumqne'discrimen,
1635 2853 1693 2916 ell-

141 2972 197 3033 qna
220 2969 259 3012 ee
277 2948 445 3030 Magnetis
462 2948 572 3011 Ioniae
596 2954 770 3033 septimum
790 2949 886 3013 Asiae
943 2961 1025 3033 quot
1057 2970 1155 3032 supra
1186 2948 1344 3032 descripti
1379 2952 1469 3012 numi
1499 2966 1613 3033 aperte
1646 2968 1692 3017 te·

140 3055 258 3135 jactat,
290 3050 420 3133 deque
445 3070 578 3135 egemus
606 3050 704 3115 inira.
748 3051 888 3114 Accedit
943 3064 1088 3125 stantur,
1113 3072 1142 3115 v.
1166 3071 1196 3132 g.
1240 3050 1476 3128 Nicomediae,
1508 3073 1590 3136 quac
1614 3054 1692 3119 dici·

139 3154 303 3238 denique,
331 3152 527 3227 Aristidem,
558 3175 633 3215 cum
661 3152 696 3214 in
725 3154 887 3229 oratione,
942 3164 998 3213 tur
1023 3146 1066 3214 H.
1088 3146 1423 3215 ΜΗΤΡΟΠΟΛΙΣ.
1446 3150 1540 3217 Kttt.
1570 3149 1692 3219 ΠΡΩ-

140 3277 234 3340 quam
252 3254 364 3338 paullo
382 3266 456 3337 post
473 3252 662 3332 citabimus,
685 3268 759 3339 poet
778 3254 888 3317 landa·
944 3249 1022 3315 TH.
1052 3245 1354 3329 BE1eTN1A2;‚
1385 3251 1473 3335 quod
1506 3268 1540 3317 et
1570 3254 1697 3345 confir·-
1737 3323 1741 3329 ,

140 3371 184 3419 tes
204 3348 406 3440 Pergamum
433 3368 468 3419 et
492 3355 663 3439 Smyrnam
688 3355 730 3419 ad
757 3354 888 3421 laudan·
942 3362 1011 3417 mat
1029 3354 1097 3416 Dio
1114 3352 1382 3441 Chryroetomus,
1405 3374 1479 3419 cum
1502 3354 1625 3425 diserte
1646 3362 1692 3424 ait

141 3460 212 3524 dam
240 3460 373 3523 tertiam
398 3459 567 3541 Ephesum
592 3459 766 3535 transiret,
796 3472 887 3522 metu
943 3454 1171 3537 metropoleon
1191 3462 1312 3518 nomen
1332 3454 1435 3519 luisse
1454 3460 1621 3540 peculiare
1637 3464 1692 3527 ttt-

140 3582 180 3626 ne
193 3562 279 3625 hanc
295 3559 433 3635 urbem,
455 3559 544 3644 qnod
560 3561 688 3622 tertiam
700 3560 889 3626 nominete-
941 3556 1134 3634 oomadiae,
1162 3570 1195 3619 nt
1215 3574 1334 3635 reare,-
1355 3568 1579 3627 commaneat
1594 3565 1692 3630 Nico·

141 3678 205 3741 rat,
229 3676 429 3749 postponere
450 3662 640 3737 rideretur,
662 3662 819 3727 continno
833 3662 894 3726 at-
944 3659 1072 3723 mediae
1094 3672 1127 3729 et
1145 3657 1285 3723 Nicaeae
1301 3655 1344 3739 b).
1369 3676 1370 3681 ¹

142 3765 279 3829 didisse:
302 3769 390 3847 larque
409 3758 445 3826 dr
465 3762 587 3848 ἀριθμῳ
606 3786 729 3844 egesar,
750 3764 766 3827 i
788 3766 885 3846 ταξει,
1018 3754 1234 3846 Posteaquam
1261 3760 1364 3843 igitur
1388 3761 1691 3842 demonstravimus,

144 3869 192 3943 oio
217 3890 294 3931 nero
318 3870 452 3929 tertiam
481 3886 636 3943 numero,
668 3887 735 3929 non
759 3869 886 3931 ordine.
942 3864 1114 3948 epitheton
1156 3884 1275 3943 newis
1310 3862 1509 3946 significasse
1552 3868 1691 3951 aliquam

142 3970 191 4031 Ex
210 3969 330 4055 quibus
358 3966 469 4031 verbis
497 3981 651 4050 apparet,
678 3966 809 4033 solicite
835 3987 887 4032 ct·
940 3964 1196 4042 excellentiam,
1227 3977 1261 4027 et
1290 3965 1483 4049 quiddema
1514 3972 1690 4054 metropoli

140 4065 1690 4154 mmmmmmfflfflmstnmfflmmssmmmmmfflfflm

143 4168 1689 4257 pffimffifflmmmffimmmm»mmmmmmmmfflmmmffi

141 4276 244 4339 tinere
266 4275 473 4337 viderentur.
944 4266 1176 4357 quaesiverint.
1214 4268 1419 4351 Scriptores,
1442 4293 1482 4335 ex
1501 4275 1617 4359 quibus
1634 4279 1692 4340 ali-

200 4376 383 4471 Quaeritur
397 4378 439 4441 11.
464 4374 607 4441 fueritne
637 4376 813 4439 discrimen
835 4378 886 4437 in·
943 4374 1022 4458 quid
1039 4372 1170 4436 luminis
1191 4374 1230 4433 ad
1251 4372 1473 4437 illustrandam
1493 4376 1576 4462 hanc
1593 4398 1690 4463 quae·

140 4493 191 4541 ter
217 4478 437 4559 metropolin,
466 4492 501 4540 et
520 4480 690 4560 primum?
730 4480 767 4540 Si
796 4492 885 4542 rete-
943 4475 1084 4541 ationem
1120 4476 1190 4559 peti
1227 4475 1350 4557 possit,
1390 4488 1424 4537 et
1459 4496 1541 4561 quos
1570 4480 1690 4544 eruditi

140 4602 211 4640 rum
225 4580 492 4665 geographorum
506 4578 786 4648 etltistoricorum
799 4600 886 4645 com·
944 4598 1077 4671 omnes,
1110 4576 1166 4661 qui
1187 4574 1315 4640 de'hoc
1337 4582 1690 4667 argumentoscripee·

141 4676 1694 4769 mmmmmmmmmmmemmmmffimfflfflmmmffi
1818 4678 1821 4685 ’

175 4894 206 4961 a)
227 4888 263 4947 Τ.
278 4888 302 4947 l.
324 4909 356 4966 p.
371 4892 435 4953 aaz.
455 4900 484 4945 et
497 4890 563 4952 646.
674 4887 709 4959 b)
730 4886 815 4945 Orat.
836 4898 881 4953 aa.
