4292 5467
441 643 517 715 ¹231,
703 716 706 722 ¹
1076 620 1269 699 CAPVT
1307 624 1367 700 Vl.
1400 658 1403 665 ·

430 798 661 883 'recipiebant‚
703 810 797 863 erant
831 794 927 861 sedes
965 808 1185 860 conventuum
1243 796 1383 881 primatu
1407 796 1658 861 commentarius
1682 794 1729 874 e),
1756 794 1791 857 iu
1814 814 1879 879 quo
1904 796 1991 859 Buo·

431 911 475 967 et
492 903 705 985 judiciosffum
730 901 764 962 in
783 921 845 984 qua
864 896 1086 981 disceptarent
1102 899 1186 961 alise
1241 898 1378 961 narretii
1399 896 1511 964 brevis
1529 899 1648 963 dictata
1670 896 1804 961 chartas
1825 900 1990 981 explicare

432 1006 557 1078 nrbes.
586 1018 619 1068 et
638 1022 720 1088 quse
741 1015 912 1087 praetores
929 1002 962 1061 in
982 1000 1099 1083 oppida
1117 999 1205 1061 ulit·
1244 1001 1399 1109 suscepit.

431 1116 568 1183 t'e'rent,
597 1120 694 1191 atque
725 1106 821 1169 etiarn
849 1122 1018 1166 sacrorum
1040 1122 1101 1184 pro
1123 1104 1189 1165 An·

440 1210 542 1290 gustis
573 1223 618 1271 οι
635 1208 848 1276 certaminum
871 1226 983 1271 cursus
1006 1202 1186 1279 hahebsnt,
1239 1224 1244 1235 ·

441 1330 523 1396 quae
552 1310 660 1373 omnia
688 1328 730 1372 ex
756 1310 865 1371 Dione
892 1306 1126 1389 chrysostomo
1154 1318 1188 1369 et
1308 1304 1418 1369 Habes
1445 1304 1499 1371 hie
1528 1318 1693 1370 enarratas
1722 1303 1928 1369 eruditorum
1951 1305 1991 1367 de

432 1410 585 1475 ‘Aristide
606 1411 737 1498 liquere
760 1410 805 1474 sit
825 1415 867 1495 ¹).
900 1407 968 1471 Sed
985 1406 1068 1471 hsec
1087 1420 1189 1469 teme·
1238 1406 1482 1492 'significatione
1497 1402 1714 1471 ΠΡΩΊῺΝ
1728 1406 1920 1486 sententian,
1933 1406 1992 1471 sed

438 1532 479 1577 re
507 1512 638 1577 adserta
665 1534 708 1577 ex
734 1510 853 1576 iisdem
878 1507 1066 1575 auctoribus
1087 1506 1189 1571 refel·
1245 1508 1361 1594 quihus
1385 1510 1544 1595 perlectis
1566 1509 1652 1572 baud
1675 1508 1774 1572 dubie
1797 1530 1912 1593 parum
1933 1507 1993 1571 tibi

439 1614 558 1678 lemna.
590 1616 752 1680 Tumens
771 1607 947 1683 Vaillsntio
967 1631 1034 1677 non
1054 1628 1191 1695 mugno-
1246 1610 1429 1697 proiecisse
1447 1610 1623 1677 videberis.
1655 1608 1754 1703 Quod
1772 1612 1800 1673 si
1819 1612 1901 1675 haec
1919 1631 1992 1673 can·

439 1733 523 1799 pere
540 1714 692 1779 dissentit
710 1715 916 1778 Hurdninur.
1086 1758 1092 1763 -
1247 1732 1282 1775 ss
1311 1712 1452 1793 necdum
1477 1706 1554 1777 satis
1583 1726 1633 1776 est
1660 1714 1840 1789 illustrata,
1870 1733 1991 1799 nequa·

434 1836 439 1848 ·
506 1817 664 1881 Ezechiel
685 1816 906 1901 Spanhemr‘us
930 1812 1082 1897 conjicit,
1113 1832 1190 1878 cou-
1240 1835 1341 1900 quam
1371 1814 1457 1879 istud
1486 1812 1694 1877 tribuendum
1722 1814 1871 1878 virorum
1901 1834 1993 1897 prae·

435 1919 624 2005 'tentionem
645 1916 694 1981 de
722 1918 864 2001 primatu
890 1915 979 1980 inter
1002 1914 1188 1999 Ephesum,
1246 1918 1398 1980 stantium
1420 1912 1658 2001 negligentiae,
1678 1936 1818 2001 quorum
1832 1918 1993 1991 novimus,

444 2022 631 2102 Smyrnam,
664 2028 705 2083 'et
730 2021 929 2103 Pergamum
965 2016 1043 2081 iude
1081 2016 1192 2101 prole·
1239 2040 1344 2103 quam
1373 2020 1497 2083 fuerint
1525 2018 1710 2101 pertinaces
1732 2016 1766 2079 iu
1788 2016 1992 2104 explicandis
2110 2062 2111 2117 3

435 2136 548 2199 ctam,
578 2120 668 2208 quod
688 2121 872 2185 communia
893 2120 926 2182 iu
944 2120 1025 2193 ,Asia
1051 2139 1193 2203 pronon·
1246 2122 1467 2185 monumentis
1481 2134 1633 2199 conatus,
1659 2120 1720 2184 sed
1736 2133 1888 2185 veterum
1905 2140 2011 2183 eossv
2110 2123 2111 2139 ¹

349 2283 353 2293 .
443 2222 545 2288 sulani
566 2237 676 2288 essent
698 2224 806 2309 gentis
829 2224 986 2299 concilis,
1007 2220 1192 2286 communis
1248 2223 1415 2287 mauturiis
1432 2222 1501 2287 aive
1522 2221 1617 2309 plane
1634 2221 1821 2298 silentibus,
1837 2220 1910 2286 sire
1924 2220 1993 2305 ejus

431 2326 581 2413 ‘insuper
605 2326 706 2389 totius
733 2325 922 2408 provinciae
948 2326 1089 2409 temple,
1123 2338 1191 2391 tutu
1247 2322 1490 2407 significationis
1519 2345 1586 2387 non
1615 2324 1691 2387 setis
1721 2322 1918 2408 explicatam
1945 2344 1992 2387 ra·

431 2430 536 2493 'sacra
564 2440 599 2492 et
626 2446 768 2509 agones,
799 2447 859 2509 pro
892 2426 1008 2511 quibus
1037 2426 1123 2510 apud
1153 2444 1189 2489 sc
1247 2424 1371 2489 tionem
1393 2424 1605 2490 tradentibus.
1646 2427 1771 2490 Temen
1794 2438 1830 2489 ut
1852 2423 1994 2511 ambigui

431 2527 653 2594 'celebrandis
676 2526 847 2611 primatum
874 2528 938 2589 sihi
959 2548 1039 2613 prae
1066 2528 1191 2592 duabus
1247 2526 1343 2611 hujus
1361 2530 1545 2613 argumenti
1562 2548 1673 2614 cauass
1690 2543 1723 2591 et
1738 2526 1873 2603 modos,
1890 2525 1992 2611 quoad
2110 2528 2111 2541 ¹

445 2630 517 2693 aliis
537 2628 685 2711 ejusdem
706 2628 894 2713 prsuineiae
918 2628 1053 2694 urbibus
1073 2630 1190 2693 deberi
1248 2629 1320 2713 ejus
1338 2627 1412 2695 lieri
1430 2630 1573 2714 poterit,
1592 2628 1833 2714 intelligamus,
1859 2646 1992 2693 neccsse

310 2726 314 2733 ’
444 2728 687 2797 contendebant
713 2731 861 2813 singulae
883 2730 961 2794 illae
984 2745 1052 2796 tres
1073 2732 1192 2816 prima·
1247 2745 1314 2809 est,
1343 2752 1426 2817 quse
1444 2746 1540 2797 certe
1563 2745 1654 2811 sunt,
1682 2730 1833 2819 quaeque
1850 2732 1994 2807 incerte,

444 2836 514 2899 riae
535 2834 606 2916 ejus
623 2833 719 2894 heire
735 2830 894 2898 ciuitates.
915 2831 983 2897 Sed
1002 2853 1076 2896 oum
1092 2830 1190 2909 istud,
1248 2847 1510 2917 repraesentare.

386 3021 391 3032 Ι
432 2930 569 2998 'tautum
600 2933 640 2997 sd
672 2934 819 2997 civitates
845 2934 943 2997 Asiae
975 2936 1086 3000 valere
1117 2955 1192 3020 pos·
1238 2988 1243 2997 .
1311 2933 1490 3028 Quaeritur
1516 2938 1543 3001 l.
1575 2956 1659 3022 quas
1690 2937 1732 3001 sit
1761 2934 1873 3002 natiso
1903 2955 1993 3003 rocs-
2109 2922 2110 2985 ἶ

442 3051 513 3114 set,
550 3037 593 3102 sd
627 3034 855 3121 explicandum
882 3037 979 3099 l’onti
1013 3049 1048 3099 et
1079 3036 1193 3119 Bithy·
1248 3036 1316 3100 buli
1338 3033 1470 3116 [leores
1491 3037 1708 3121 significatio?
1737 3040 1880 3103 Ratione
1902 3059 1992 3123 argu·

433 3136 519 3205 'atas
559 3137 688 3201 urbium
727 3137 900 3221 primatum
939 3139 1016 3200 alias
1054 3138 1190 3201 arcessit
1246 3140 1348 3203 manti
1366 3140 1468 3201 nostri
1485 3140 1649 3223 triplicem
1663 3160 1737 3205 esse
1754 3141 1921 3226 intelligo,
1940 3162 1994 3201 nu·

431 3239 571 3305 ὀιιιιιι.
614 3238 699 3305 Vide
730 3240 811 3303 haee
843 3242 950 3304 omnia
981 3262 998 3301 s
1031 3239 1103 3301 viro
1134 3238 1190 3301 do·
1233 3243 1308 3324 ,mis
1339 3242 1437 3304 etism
1465 3241 1651 3305 stabilitam.
1695 3242 1768 3310 vna
1797 3256 1871 3321 est,
1908 3262 1991 3327 quas

447 3342 592 3406 ctissime
620 3340 782 3427 explicata
815 3342 892 3406 inde
923 3364 942 3405 s
971 3341 1086 3425 pagina
1112 3340 1187 3408 dds.
1246 3342 1377 3405 nonnisi
1402 3342 1591 3427 simplicem
1616 3344 1829 3422 divisionem,
1860 3362 1996 3437 geogra-

397 3498 403 3507 .
447 3444 546 3509 Tomi
563 3446 592 3507 l.
793 3486 797 3491 -
1246 3444 1394 3529 phiram,
1416 3444 1729 3529 chorographicam,
1749 3458 1804 3509 aut
1825 3464 1997 3532 qusmeuu·
2108 3494 2109 3520 ,

511 3547 666 3627 Philippu
682 3544 1110 3621 Beonurrott'o'ereditum,
1134 3562 1193 3609 us·
1249 3563 1314 3628 qne
1335 3546 1430 3609 eliam
1452 3544 1591 3624 indicat,
1620 3548 1712 3630 eujus
1735 3548 1870 3633 generis
1892 3560 1944 3611 est
1964 3547 1997 3607 in

443 3648 535 3711 mine
562 3651 692 3728 primae
717 3645 934 3729 significatam
969 3645 1084 3708 urbem
1121 3644 1192 3708 aliis
1242 3647 1355 3712 ιιιιιιιίι
1399 3643 1724 3713 ΜΔΚΕΔΟΝΩΝ.
1775 3640 1995 3713 ΠΡΩΤΙΙΣ.

448 3750 551 3833 magis
567 3748 744 3821 illustrem,
770 3767 878 3831 neque
898 3761 1007 3809 tamen
1022 3747 1098 3810 hnic
1117 3767 1194 3831 pro-
1250 3750 1473 3820 Mucrdonum
1495 3750 1600 3833 partis
1622 3752 1769 3832 primur,
1789 3750 1871 3835 quis
1894 3752 1998 3813 blace-
2107 3766 2108 3771 ’

448 3866 562 3936 pterea
583 3845 706 3931 aliquid
728 3848 798 3912 sive
821 3868 921 3911 aerae
939 3848 1104 3932 dignitatis
1122 3850 1191 3913 sire
1244 3848 1346 3915 donia
1362 3850 1397 3911 iu
1415 3864 1555 3969 quatuor
1572 3866 1683 3935 partes
1695 3850 1804 3915 divisa
1819 3850 1901 3927 tait,
1918 3872 1997 3937 quae

447 3954 522 4019 seri
550 3948 781 4015 emolumenti
791 3948 985 4025 secessisse,
1022 3950 1191 4034 solamque
1249 3950 1383 4016 divisis
1381 3952 1632 4036 provinciarum
1650 3954 1683 4016 iu
1704 3956 1862 4037 primam,
1889 3972 2001 4017 secam

425 4055 550 4120 'fuisse
577 4052 783 4115 immodicum
815 4051 1025 4114 ambitionem
1057 4052 1193 4157 adpetiti
1250 4053 1341 4133 dam,
1376 4054 1513 4118 tertium
1546 4056 1660 4121 infimo
1691 4050 1880 4118 Romani'
1868 4054 1998 4139 imperii

443 4157 633 4239 hujusrsm
622 4152 835 4236 sterilisque
852 4130 1092 4230 titulicnnsssn,
1110 4175 1192 4239 quae
1249 4174 1331 4219 aere
1351 4156 1493 4220 menime
1514 4157 1626 4227 valuit
1669 4156 1800 4221 Eodem
1828 4156 1999 4221 medule
2106 4188 2107 4193 ι

441 4257 581 4343 ‚quidem
613 4256 719 4320 omnia
751 4276 793 4319 ex
820 4254 987 4321 veteribus
1020 4256 1193 4322 commode
1250 4258 1355 4343 gimns
1390 4258 1426 4321 iu
1453 4259 1605 4324 denariis
1638 4262 1689 4326 ll.
1707 4260 1845 4323 Antonii
1874 4258 1999 4321 LEGs'o

450 4358 602 4441 probari,
632 4357 951 4441 contempnente
976 4356 1019 4437 ¹³).
1062 4358 1193 4421 Eruditi
1246 4358 1418 4435 Phthla,
1456 4361 1533 4447 quia
1561 4362 1715 4447 legiones
1745 4360 1894 4423 numeris
1924 4356 2001 4422 deli·

433 4458 546 4557 Jhujus
568 4458 632 4524 siri
657 4461 849 4524 seutentiam
872 4459 1014 4524 laudavit
1037 4459 1195 4543 adproba-
1247 4460 1434 4527 niehautur.
1477 4464 1517 4531 ln
1549 4462 1712 4527 similibus
1744 4462 1907 4547 exemplis
1938 4462 1999 4546 pri·

451 4558 563 4641 vitque
583 4560 746 4623 Albertus
771 4562 1004 4640 Muzzolenus,
1025 4563 1117 4643 cujus
1139 4580 1194 4625 es·
1245 4574 1353 4626 matus
1375 4564 1606 4629 excellentiam
1632 4586 1700 4631 uon
1725 4564 1836 4639 dedit,
1861 4562 1951 4648 quod
1968 4564 2000 4624 in
2105 4558 2106 4635 ζ

444 4672 513 4720 ‘stat
533 4660 684 4741 copiosus
701 4660 892 4748 nilidusque
914 4662 955 4726 de
972 4662 1042 4727 hoc
1063 4662 1194 4726 urbium
1244 4664 1301 4728 bis
1323 4662 1454 4762 numeri
1480 4668 1621 4750 partium
1649 4679 1775 4732 tantum
1805 4662 2003 4761 distributio·
2105 4684 2106 4742 t

485 4862 517 4930 a)
532 4860 736 4922 Numerare.
749 4878 849 4939 p.209.
883 4866 917 4935 b)
935 4866 1054 4924 Osserv.
1070 4867 1151 4925 istor.
1168 4886 1197 4945 p.
1212 4882 1272 4942 ¹9⁵·
1287 4890 1348 4945 seq.
1382 4864 1412 4939 'ci
1430 4872 1459 4928 iu
1474 4892 1553 4931 num.
1564 4828 1645 4931 „onus
1661 4874 1720 4929 Pis.
1734 4874 1883 4931 animadv,
1900 4894 1931 4949 p.
1941 4886 2002 4945 2⁰9·
