4292 5467
441 601 460 698 χ
504 593 587 666 ἰιι
624 593 911 668 cannaco.
949 591 1338 668 cuttortouoo⁶
1629 617 1701 697 aaa

166 764 316 854 principia
334 755 396 826 luit
415 759 606 846 imperium,
633 766 728 850 quale
745 764 806 828 fuit
822 765 906 828 Ner·
961 784 1053 841 rum,
1086 765 1208 849 quibua·
1230 764 1339 831 riciua
1365 765 1484 850 oppida
1511 789 1589 834 ιιιιι
1616 784 1707 846 aunt,

168 889 239 944 raa,
272 868 327 930 rel
353 865 509 960 Homini,
538 877 638 928 tauto·
655 868 775 930 arctina
804 867 905 930 utrin·
962 867 1038 934 tatia
1072 880 1143 930 tato
1175 865 1392 936 stabiliuntur.
1436 867 1494 932 Sic
1523 872 1552 936 ai
1582 873 1708 955 epocha

165 987 226 1054 que
257 969 368 1032 aaran
385 961 556 1030 oiordiuru
592 966 752 1033 cohiberi.
796 967 906 1032 Habe·
961 969 1139 1054 cujuapiam
1177 970 1290 1052 Syriae
1327 968 1398 1032 lato
1432 984 1579 1055 comptae
1615 972 1707 1036 urbia
1812 1061 1818 1066 j

167 1091 233 1134 mua
260 1069 447 1154 exemplum
476 1067 560 1132 initii
581 1089 677 1134 aerae
699 1071 739 1134 ab
762 1091 829 1135 uno
850 1085 908 1135 eo·
960 1069 1099 1136 iluctuat
1125 1091 1229 1156 prope
1258 1092 1376 1134 aunum
1398 1071 1441 1136 V.
1458 1071 1495 1136 C.
1516 1081 1609 1150 dam,
1641 1095 1707 1159 quo

165 1169 301 1255 demque
329 1191 432 1235 numo
457 1171 590 1237 invicto*
606 1172 839 1250 demonstrati,
865 1171 907 1234 il-
958 1173 1070 1258 coepit
1106 1192 1182 1237 aera
1217 1173 1485 1250 Seleuciam,
1522 1175 1577 1239 vel
1614 1176 1705 1258 boo„

164 1272 224 1334 lud.
237 1273 343 1356 ipsum
364 1290 484 1356 nempe
505 1272 596 1334 numi
612 1273 811 1337 Antiocheui
828 1293 904 1337 cum
960 1275 1016 1360 qui
1042 1297 1147 1339 annua
1174 1273 1237 1336 fuit
1257 1274 1427 1338 exordium
1448 1293 1544 1339 aerae
1565 1274 1707 1360 Pompe·

165 1373 265 1458 capite
286 1372 427 1438 Othonia
449 1388 483 1443 ct
504 1395 588 1438 anuo
617 1397 685 1454 ιι7.
715 1375 824 1458 paullo
852 1395 903 1439 ιιι·
957 1367 1067 1460 janae,
1093 1375 1243 1461 quoniam
1265 1369 1433 1460 utriusque
1454 1378 1600 1459 epochae
1622 1382 1706 1452 mul·

163 1497 218 1560 pra
245 1477 389 1542 citatum.
433 1475 594 1570 Quoniam
627 1473 769 1538 Othonia
792 1478 904 1566 'impo-
959 1491 1010 1539 ιιι
1041 1477 1103 1543 fuir
1133 1477 1167 1538 iu
1198 1477 1290 1558 Syria
1324 1498 1427 1553 uana,
1462 1479 1588 1560 poteria
1622 1484 1705 1545 citra
1773 1474 1775 1481 ’

163 1577 243 1639 rium
259 1589 382 1665 tantum
400 1601 420 1640 a
436 1577 546 1641 medio
564 1577 711 1640 Ianuario
734 1599 837 1666 usqua
861 1579 902 1643 ad
959 1579 1084 1664 erroris
1102 1578 1286 1662 periculum
1304 1595 1416 1654 aerae,
1434 1578 1467 1638 in
1484 1599 1579 1662 quam
1597 1582 1704 1666 iuqui-

161 1680 301 1743 medium
324 1671 472 1764 Aprilem
496 1679 572 1742 anui
596 1679 636 1745 t.
654 1679 691 1745 C.
711 1682 783 1746 Bau.
809 1679 911 1744 dura·-
957 1681 1022 1756 ria,
1061 1678 1232 1744 exordium
1263 1679 1421 1741 alterutri
1442 1673 1703 1747 adcommodare.

163 1781 219 1858 rit,
241 1779 357 1846 ablutio
378 1779 456 1843 iude
479 1781 570 1844 annia
591 1802 668 1863 117,
689 1783 823 1846 erideua
841 1796 901 1859 ert,
959 1780 1064 1842 Simili
1081 1779 1184 1844 'modo
1205 1781 1268 1845 viri
1289 1779 1409 1842 eruditi
1430 1779 1623 1846 humanatae
1650 1805 1705 1846 ur-

161 1901 252 1947 aerae
282 1869 507 1948 Antiochenac
539 1883 733 1966 principium
772 1884 812 1948 ab
847 1907 903 1947 au·
957 1881 1047 1943 bium
1077 1881 1175 1944 Ponti
1211 1895 1245 1945 ot
1280 1881 1419 1947 Ciliciae
1452 1903 1548 1946 aerae
1583 1885 1704 1947 atahili·

161 1997 270 2066 tumuo
308 1985 350 2054 V.
378 1985 415 2051 C.
449 1987 525 2069 705.
561 1985 755 2052 ducendum
808 1985 902 2050 ldem
958 2002 1048 2049 rere.

160 2086 343 2164 obtinetur,
382 2105 457 2150 oum
491 2108 577 2150 unua
610 2086 764 2176 idemque
798 2109 901 2151 annua
1016 2085 1083 2152 IV.
1106 2083 1290 2149 Commode
1314 2084 1413 2149 etiam
1440 2085 1587 2169 epochae
1609 2106 1703 2152 exon
1838 2107 1844 2122 ⁴

160 2191 262 2252 numia
300 2188 439 2252 duorum
472 2193 716 2274 Augustorum,
750 2190 805 2274 qui
837 2187 900 2252 ribi
957 2186 1045 2249 dium
1077 2186 1278 2270 aliquateuua
1306 2207 1433 2272 rugum
1450 2186 1607 2252 biatoriae
1630 2189 1703 2251 aub-

158 2293 306 2374 proximo
328 2309 538 2368 aucoeraero,
568 2291 742 2373 inscriptus
764 2293 898 2375 legitur.
955 2287 1041 2353 aldio
1066 2307 1296 2372 nonnunquam
1324 2287 1509 2354 cohibetur.
1548 2290 1603 2353 Sic
1624 2291 1702 2353 Bel·

159 2392 210 2455 Sio
238 2393 274 2454 iu
302 2395 408 2456 numia
430 2391 562 2478 Trajani
589 2406 622 2455 et
650 2391 806 2455 Hadriani
826 2394 899 2456 ttri-
955 2390 1047 2473 leyua
1076 2389 1394 2472 epochamcybirae
1415 2391 1593 2476 Phrygiae.
1614 2392 1703 2455 inter

158 2495 230 2576 poli
250 2494 435 2558 Ehoenicea
466 2493 638 2578 percurris·
659 2493 782 2579 legitur
809 2491 898 2556 idem
954 2513 1061 2556 aanor
1091 2491 1132 2560 V.
1154 2491 1190 2555 (Ξ.
1222 2490 1298 2573 776.
1325 2512 1401 2575 777.
1434 2494 1509 2575 778.
1545 2490 1701 2556 fluctuan-

158 2617 256 2658 aunua
282 2590 391 2657 HKT.
420 2598 492 2672 428.
535 2599 685 2660 Mortuua
710 2611 761 2660 ιιι
788 2595 899 2677 Traja·
953 2607 1022 2656 tem
1045 2592 1086 2657 ad
1108 2611 1225 2655 annum
1247 2591 1321 2674 776.
1344 2593 1435 2680 fixit,
1465 2593 1627 2678 quiahoc
1648 2615 1702 2657 an·

156 2717 212 2759 uua
240 2717 359 2761 menae
384 2697 533 2781 Augusto
562 2699 603 2778 V,
621 2699 659 2762 C.
681 2699 778 2780 37ι.,·
801 2700 900 2782 eique
954 2708 1105 2758 uon-toata
1129 2693 1243 2756 Tacito
1265 2690 1613 2778 civitaticihyraticae
1633 2709 1702 2760 ter·

155 2801 319 2864 continuo·
359 2801 516 2864 succeseit
555 2799 750 2862 Hadrianus.
801 2799 904 2882 ¹Ergo
954 2817 1012 2861 rae
1036 2793 1298 2860 motu-adflictae
1315 2816 1334 2857 ι
1349 2795 1486 2860 Tiberio
1507 2795 1701 2862 subventum

154 2900 287 2966 aubiatia
315 2900 393 2964 indo
421 2902 512 2964 annia
541 2902 615 2978 aaa.
645 2914 771 2964 certum
801 2900 898 2963 habo-
954 2899 1033 2977 brit,
1063 2897 1141 2963 satir
1160 2915 1243 2960 vero
1264 2895 1419 2959 alioraum
1447 2899 1591 2974 coriatat,
1621 2898 1701 2962 ciri·

154 3022 222 3064 mua
250 3021 349 3066 aerae
377 3003 601 3088 Tripolitanae
629 3003 754 3066 initium
782 3001 816 3065 iu
843 3023 898 3065 au·
952 3015 1035 3068 tatea
1067 3022 1087 3063 a
1116 2995 1322 3060 memorabili
1352 2995 1494 3080 quodam
1523 2997 1611 3062 facto
1642 3017 1700 3059 no·

153 3117 263 3166 tumno
287 3102 380 3170 V.C.
402 3112 476 3182 [ιιι.
518 3103 609 3168 ldem
630 3119 776 3188 praeatat
795 3125 907 3168 annua
954 3123 1029 3168 tam
1062 3119 1172 3164 aarum
1206 3098 1406 3180 auapioataa,
1444 3097 1486 3160 de
1522 3117 1589 3182 quo
1623 3098 1699 3161 vido

150 3197 571 3289 PA‹1›.533.inarrtpma
606 3209 712 3270 numia
746 3205 903 3318 ejusdem·
952 3202 1078 3267 dicta
1067 3223 1101 3262 un
1133 3209 1263 3263 moneta
1292 3188 1389 3281 hujua
1421 3196 1523 3262 urbia.
1568 3198 1698 3260 Eodem

151 3305 297 3389 Tripolis
315 3325 389 3368 oum
409 3307 515 3390 capite
534 3319 569 3370 et
583 3306 751 3390 Elagabali
769 3321 803 3370 et
820 3309 897 3370 hle·
952 3304 1051 3370 modo
1080 3302 1222 3387 epochae
1249 3300 1327 3366 aliaa
1356 3298 1470 3364 aolidia
1499 3296 1698 3381 conjectarit

151 3405 264 3470 raudai
288 3407 416 3473 Severi.
453 3409 535 3472 Cum
557 3429 673 3472 namna
695 3409 820 3473 nullum
848 3407 896 3472 oi·
953 3421 1045 3474 certo
1075 3423 1166 3469 anuo
1190 3401 1310 3467 adlixaa
1336 3400 1413 3520 ratio
1440 3418 1503 3486 per
1529 3401 1594 3465 hoc
1616 3419 1698 3484 apua

147 3511 213 3575 fert
234 3509 460 3575 characterem
483 3509 753 3595 chronologicum
779 3500 896 3586 lixum,
953 3508 1102 3576 vidintur.

148 3611 234 3697 quod
256 3612 435 3696 praecipue
457 3611 549 3676 lituu
569 3613 675 3676 numia
696 3609 904 3700 autonomirr
1015 3611 1056 3676 V
1090 3607 1134 3673 Vt
1156 3625 1236 3688 ruga
1257 3604 1488 3690 epocharum'
1477 3602 1568 3666 ruitia
1589 3603 1698 3667 modia

147 3733 203 3777 acu
225 3714 286 3798 qui
305 3715 432 3776 nullum
451 3713 701 3796 offeruutregia
720 3712 895 3796 reldugu·
952 3711 1047 3776 dictio
1065 3721 1199 3792 poaaunt
1216 3706 1385 3784 coerceri,
1405 3705 1452 3768 aio
1468 3687 1592 3780 etalia,
1614 3723 1697 3788 quae

146 3815 202 3892 ati,
240 3815 301 3882 vel
337 3817 572 3901 cujuaouuque
592 3814 749 3900 principia
782 3825 894 3897 caput,
950 3813 991 3878 ab
1012 3810 1148 3877 eruditio
1167 3823 1260 3876 recte
1279 3806 1417 3871 atabilita
1440 3807 1497 3868 diu
1520 3805 1699 3870 credebau-

146 3930 212 3980 tum
244 3917 444 4001 plerumque
476 3930 530 3981 aut
560 3915 704 3980 difficilia
732 3928 800 3990 eat,
838 3923 895 3977 aut
951 3929 1022 3991 tur,
1054 3930 1216 3977 uovorum
1237 3929 1412 3971 numorum
1434 3927 1498 4024 opo
1520 3909 1698 3972 certiorem

144 4021 354 4103 daaparata
343 4042 377 4081 ru
401 4040 498 4083 aerae
521 4019 692 4082 exordium
715 4016 891 4104 ἰιιι7ιιίιὶιίοι
950 4014 1063 4079 aedem
1086 4023 1162 4076 aunt
1182 4024 1285 4078 nacta.
1323 4009 1384 4073 Sic
1402 4009 1507 4072 aerina
1530 4022 1697 4073 correctae

145 4121 425 4206 Exemploaunto
447 4123 537 4183 nurui
554 4119 773 4184 Alexandriae
793 4121 893 4181 Troa·
949 4117 1051 4179 initae
1080 4135 1172 4179 uerat
1205 4110 1355 4174 Ameriae
1384 4111 1501 4185 Ponti,
1532 4110 1697 4176 Anazarhi

143 4223 192 4288 dia
233 4245 312 4290 cum
350 4226 531 4310 epigraphe
570 4213 891 4284 ΑΠΟΛΛΩΝΟΣ.
950 4219 1106 4295 Ciliciae,
1137 4217 1338 4296 aliarumque
1361 4211 1597 4294 complurium,
1630 4213 1697 4276 ruia

144 4321 391 4390 thettttz.
425 4339 458 4390 et
485 4324 584 4388 rariia
612 4321 760 4408 epochae
785 4322 892 4397 annia,
950 4322 1032 4385 locis
1053 4319 1228 4401 perspicue
1252 4312 1365 4379 ridere
1388 4313 1476 4376 licet.

139 4439 173 4488 et
199 4441 397 4492 autonomua
419 4427 605 4512 Hyrgalaaa
630 4423 793 4508 Phrygiae
818 4441 892 4486 cum
1014 4423 1070 4490 Vl.
1112 4414 1394 4513 Quemadmodum
1421 4413 1569 4498 apochae
1597 4414 1699 4477 hiato·
1767 4394 1774 4400 ’

138 4547 224 4590 auno
244 4526 358 4596 NG.
377 4526 452 4594 365.
949 4525 1019 4588 riae
1043 4518 1242 4586 adminiculo
1269 4530 1392 4581 certam
1418 4516 1589 4579 atatiouem
1615 4515 1699 4578 obti·
1867 4515 1870 4523 '

199 4633 261 4694 lll.
305 4633 461 4716 Epochae
491 4649 554 4714 per
583 4627 706 4714 aliquot
739 4629 892 4690 duntaxat
948 4618 1494 4716 nent,utmoxoatendimua,aio
1512 4617 1698 4684 ethiatoria

135 4749 239 4796 aanor
267 4753 370 4817 vagae
395 4753 492 4818 saepe
516 4739 580 4817 ope
598 4732 733 4796 aliarum
753 4732 891 4815 epocha·
948 4728 1090 4796 vicissim
1117 4746 1157 4790 ex
1186 4721 1322 4808 epochis
1352 4720 1416 4783 rite
1444 4718 1593 4783 atahilitia
1621 4719 1699 4782 inai·

196 4855 393 4936 (narr.)
1006 4877 1015 4890 ·
1353 4840 1454 4902 ιιι
