4292 5467
388 574 390 579 ’
429 600 479 679 aa
895 594 1043 667 uvat
1081 591 1509 667 enarrabatur.

309 728 314 735 Ι
381 799 400 817 ·
433 767 486 827 rin
506 728 674 859 gradiens.
718 760 841 829 Anti.
863 752 1027 848 (Vellerin
1043 762 1125 829 utel,
1138 764 1178 827 11.
1235 760 1397 847 praebent
1417 762 1493 825 anni
1514 762 1647 847 imperii
1670 722 1815 847 praelixa
1836 760 1885 837 L,
1907 780 1985 823 nam

434 864 467 926 ia
485 864 594 931 ironia
611 865 715 949 libri.)
1045 954 1051 965 ἡ
1237 863 1356 929 cadem
1371 863 1473 927 mado
1486 866 1577 927 nami
1593 885 1723 950 quaque
1740 864 1879 941 ludaici,
1902 883 1986 947 qaas

797 1035 817 1073 1
926 1032 934 1049 ,
1235 964 1336 1029 mado
1369 965 1485 1043 citari,
1516 966 1692 1052 inscriptas
1713 968 1854 1049 Augusti
1881 984 1986 1029 annos

651 1105 657 1123 ,
694 1082 714 1123 a
898 1080 919 1122 e
1235 1065 1440 1151 praeierant.
1494 1068 1611 1156 Neque
1660 1082 1785 1133 certam
1824 1068 1988 1131 rationem

521 1168 750 1242 ATI'OTcT,
784 1174 892 1255 caput
909 1174 1043 1237 nudum.
1097 1220 1104 1227 .
1238 1165 1361 1232 sufficit
1383 1168 1529 1247 fabrics3
1555 1190 1631 1233 nam
1656 1183 1692 1233 at
1712 1169 1795 1233 baec
1819 1186 1986 1233 monetam

435 1272 732 1347 ATTOKPATO.
760 1272 1002 1339 KAICAPOC.
1047 1272 1182 1352 Aquilo
1236 1268 1413 1354 regionum
1435 1271 1534 1356 lange
1553 1270 1737 1334 (linituram
1758 1270 1989 1335 lacile‘diatin·

424 1372 573 1461 sulmirii
588 1380 770 1454 insistens,
790 1364 827 1440 in
849 1398 930 1439 crea
950 1377 1184 1454 cornucopiuc,
1239 1374 1327 1456 gait,
1348 1370 1393 1435 ita
1414 1370 1521 1435 minus
1542 1385 1612 1435 tata
1632 1386 1796 1436 monetam
1812 1372 1987 1457 regionam

436 1474 650 1544 etM·oelII.
666 1475 999 1561 AE.11.(Theupoli,
1015 1473 1181 1559 Arigoni.)
1238 1472 1418 1561 vicinarum
1457 1492 1666 1557 aequaevum.
1718 1474 1778 1537 stc
1812 1474 1987 1541 commode

693 1616 726 1665 ,a
797 1578 817 1618 *
902 1626 922 1664 ,
1239 1574 1456 1641 discernimus
1484 1576 1572 1638 ister
1592 1586 1756 1641 monetam
1779 1577 1922 1641 Siculam
1953 1590 1989 1639 ct

498 1682 610 1745 Habes
628 1682 682 1744 bic
699 1682 1009 1766 descriptosaamos
1022 1680 1181 1743 hactenus
1239 1677 1435 1754 Thraciam,
1455 1690 1487 1741 at
1506 1695 1575 1740 noa
1594 1697 1699 1759 aeque
1722 1678 1811 1742 inter
1831 1678 1987 1757 Siculam,

436 1786 586 1869 cognitas
610 1787 741 1861 omncs,
764 1804 845 1867 quoa
869 1783 916 1846 sic
938 1795 1033 1867 potes
1051 1781 1086 1842 in
1104 1782 1183 1843 Ale·
1239 1793 1274 1845 et
1300 1780 1436 1843 alteram
1457 1778 1583 1843 vicinae
1606 1780 1765 1844 Graeciae
1787 1784 1834 1846 dl.
1885 1782 1988 1846 Certe

435 1886 669 1949 xandrinoram
688 1904 826 1948 numera
849 1899 984 1969 putare,
1011 1897 1182 1947 attamen
1239 1894 1383 1965 epectata
1411 1880 1535 1945 fabrica
1564 1880 1699 1946 difficile
1729 1896 1781 1947 est
1802 1875 1989 1964 ,discrimen

436 1988 609 2053 evidenter
631 1988 764 2073 probari
784 1987 828 2051 de
848 1986 998 2051 omnibns
1019 2006 1086 2049 non
1109 2004 1181 2069 pns-
1238 1984 1326 2047 iuter
1344 1973 1462 2046 namna
1483 1984 1683 2069 Aegyptios,
1715 1998 1750 2047 et
1770 1991 1886 2050 numos
1909 1985 1989 2051 vici·

435 2092 487 2153 ait.
506 2092 508 2097 '
524 2091 658 2153 Certum
677 2102 828 2154 monetae
848 2088 1089 2153 Alexandrinae
1108 2088 1184 2152 aeri
1239 2104 1300 2148 aaa
1337 2078 1564 2162 Palaestinae,
1588 2086 1823 2164 ¹Pboeniciae‚
1862 2089 1987 2173 Syriae.

434 2192 596 2277 Augustei
629 2192 799 2255 criterium
829 2190 971 2257 iaciant:
1000 2205 1097 2285 caput
1117 2193 1184 2254 An·
1241 2186 1526 2282 Quemadmodum
1549 2207 1632 2271 erga
1651 2188 1751 2252 urbes
1770 2190 1910 2254 iudaeae
1929 2212 1991 2254 aa·

435 2294 520 2379 gusti
536 2314 610 2356 cum
630 2294 685 2357 vel
707 2294 777 2356 siue
799 2294 905 2358 addita
926 2295 1126 2380 epigraphe;
1147 2293 1183 2354 ia
1240 2310 1312 2355 mos
1338 2290 1551 2374 signaverunt
1570 2291 1800 2355 Alexandrinis
1825 2284 1924 2376 plana
1948 2295 1992 2357 ai·

434 2418 549 2461 averna
569 2416 670 2458 anans
692 2395 825 2479 imperii
848 2396 993 2480 praelixa
1015 2397 1045 2457 L
1069 2394 1185 2459 delini·
1240 2392 1353 2469 miles,
1369 2392 1432 2453 nisi
1447 2391 1534 2477 quad
1543 2392 1683 2477 Augusti
1696 2405 1792 2477 caput
1803 2395 1990 2471 exclusere,

434 2512 507 2573 tus,
536 2510 632 2581 typus
654 2488 756 2559 maris
778 2498 953 2582 Aegyptii,
976 2497 1120 2582 denique
1148 2511 1184 2561 et
1240 2495 1288 2559 sic
1301 2492 1385 2555 nibil
1400 2494 1571 2578 est,·qaed
1583 2510 1759 2581 repugnet,
1775 2517 1891 2561 numos
1903 2516 1992 2561 com·

437 2600 581 2665 fabricae
612 2596 737 2661 modas.
782 2599 970 2662 Secundam
998 2601 1057 2662 bas
1087 2598 1184 2683 leger
1239 2597 1353 2681 plnres
1376 2597 1557 2679 praesentis
1579 2597 1719 2682 catalogi
1741 2616 1837 2681 posse
1860 2600 1990 2683 opinari

435 2720 535 2765 nemo
554 2699 732 2777 dubitabit,
756 2702 928 2765 recitatum
951 2722 1026 2765 max
1048 2722 1183 2764 numam
1240 2718 1336 2762 cusos
1369 2699 1403 2759 ia
1427 2697 1575 2761 ‘urbibus
1606 2698 1743 2776 Graecis
1771 2702 1991 2779 Palaestinae,

331 2848 339 2859 .
410 2818 513 2887 ⁸typo
536 2802 635 2864 Ibidis
658 2823 730 2867 esse
748 2803 970 2888 Aegyptium,
1003 2804 1077 2889 quia
1102 2803 1184 2868 baec
1239 2800 1439 2864 Phoeniciae
1449 2807 1464 2877 ,'
1474 2798 1605 2883 Syriae,
1624 2801 1725 2885 Cypri
1743 2816 1808 2867 etc.
1851 2806 2000 2873 Interim.

435 2906 504 2970 aris
523 2904 666 2989 Aegypti
684 2908 818 2990 propria
837 2926 970 2989 semper
991 2920 1042 2969 eat
1064 2900 1183 2982 habita,
1241 2922 1429 2989 proponere
1448 2901 1509 2964 bas
1525 2902 1723 2967 namasboc
1739 2903 1816 2987 loco
1833 2905 1992 2971 idoneam

436 3020 490 3071 aut
505 3028 638 3070 numam
654 2990 1186 3092 inscriptum‘EreHN1A,qata
1238 3008 1363 3083 risam,
1378 3024 1453 3069 cam
1466 3002 1557 3089 quad
1573 3018 1684 3068 certae
1697 3025 1813 3071 causae
1825 3028 1891 3073 non
1903 3021 1991 3087 aaut,

350 3107 354 3115 '
436 3106 632 3173 vocabulum
661 3108 749 3171 istud
779 3110 1046 3193 insequentium
1082 3110 1184 3194 impe·
1241 3128 1324 3195 qnae
1346 3128 1405 3172 eas
1432 3127 1505 3170 asse
1526 3104 1767 3170 Alexandrinos
1791 3108 1991 3189 inlicieatur,

435 3225 582 3285 ratarum
613 3212 744 3289 numia,
783 3224 818 3274 et
851 3211 885 3272 ia
915 3210 1085 3295 Aegyptiis
1116 3225 1184 3275 tan·
1241 3226 1310 3275 tam
1335 3211 1410 3297 quia
1438 3210 1494 3272 hic
1514 3209 1609 3274 laena
1629 3204 1670 3271 iia
1692 3212 1907 3276 recensendis
1933 3234 1994 3298 up·

438 3316 527 3389 lum,
551 3310 682 3378 obvium
708 3328 768 3379 eat.
811 3314 903 3376 llaec
925 3314 953 3375 ai
975 3312 1100 3392 absint,
1131 3326 1187 3377 ant
1241 3313 1492 3400 partanissimns
1507 3313 1657 3389 videtur,
1677 3332 1754 3375 cnm
1772 3327 1864 3379 carte
1881 3316 1994 3402 aliquo

436 3415 543 3498 palam
582 3428 714 3478 moneta
748 3414 968 3479 Alexandrina
1004 3435 1071 3478 aaa
1100 3428 1197 3499 sanq-
1242 3418 1320 3482 laco
1341 3416 1406 3479 siat
1424 3405 1635 3480 recensendi.

437 3530 492 3581 aut
525 3532 617 3581 certe
628 3516 730 3580 'ratio
759 3506 894 3581 eridebs
923 3538 990 3581 nnn
1019 3530 1092 3596 est,
1127 3536 1187 3581 aar
1307 3520 1350 3582 At
1367 3516 1500 3589 nescia,
1523 3530 1631 3579 utram
1649 3512 1757 3601 aliqua
1772 3516 1815 3581 sit
1834 3517 1996 3583 verisimi-

438 3620 528 3682 uumi
568 3618 692 3683 similes
729 3619 881 3703 Aegypto
919 3621 1050 3704 potins,
1090 3640 1188 3705 qnam
1242 3624 1284 3687 lia
1305 3620 1409 3697 ratio,
1439 3639 1523 3702 qaae
1545 3616 1800 3681 Alexandrinam
1823 3638 1899 3683 esse
1923 3641 1996 3684 me·

439 3722 570 3805 regiani
607 3720 703 3783 alteri
730 3720 857 3783 vicinae
886 3721 950 3783 siat
985 3720 1186 3804 adsignandi.
1242 3736 1353 3787 natam
1383 3720 1518 3785 suadeat
1545 3743 1575 3785 v.
1601 3706 1781 3803 gfnumm
1817 3721 1997 3808 inscriptas

440 3825 498 3889 Sic'
517 3821 688 3885 manifesta
709 3834 929 3905 peccaverunt
945 3822 1095 3900 Petinus,
1116 3826 1189 3887 Illo·
1244 3820 1422 3887 IIATHP.
1444 3816 1699 3889 ΠΑΤΡΙΔΟΣ.
1738 3838 1817 3907 typo
1845 3822 1997 3889 fasciculi

439 3924 578 4003 rellius,
610 3920 754 4010 aliique,
790 3926 845 4007 qui
871 3923 905 3985 in
934 3924 1019 3989 hanc
1048 3926 1187 3990 classem
1245 3927 1426 4011 spicarum,
1447 3923 1613 4007 aliasque,
1633 3944 1716 4009 qaas
1732 3927 1774 3988 cl.
1790 3927 1903 4012 Zoega
1923 3929 1997 4013 pc

440 4030 650 4094 contulerant
673 4044 789 4090 numos
816 4024 925 4089 varios
947 4028 1086 4119 Angaqti
1118 4028 1189 4112 qui·
1246 4042 1280 4093 et
1305 4048 1336 4108 q.
1372 4039 1622 4112 repraesentat,
1662 4022 1780 4110 qaibn'a
1817 4028 1851 4091 ia
1887 4031 1999 4094 numia

442 4132 518 4195 dem
538 4130 691 4205 nomine,
721 4126 781 4190 sed
805 4146 872 4189 non
898 4126 1009 4214 effigie
1031 4129 1189 4215 insignes,
1244 4130 1308 4215 ipsi
1322 4122 1419 4192 etiam
1437 4127 1569 4211 imperii
1584 4123 1659 4191 anni
1672 4126 1921 4210 desiderantur,
1939 4133 1997 4217 qai

444 4253 524 4317 qaas
541 4233 664 4317 potina,
694 4228 769 4315 qaia
785 4224 944 4306 bominis,
967 4244 1021 4293 ant
1042 4230 1188 4295 animalis
1245 4230 1357 4297 certus
1384 4231 1516 4315 quidam
1545 4242 1620 4323 aunt
1648 4250 1826 4295 numerum
1854 4234 1998 4297 Alexan·

443 4334 589 4419 effigiem
612 4352 775 4417 nunqnam
797 4332 983 4405 continent,
1014 4332 1047 4394 in
1069 4333 1189 4423 Iudaea
1246 4336 1417 4397 drinoram
1437 4332 1618 4399 character.
1661 4334 1771 4397 Habet
1791 4335 1899 4418 major
1919 4358 1997 4421 pars

444 4440 586 4520 signatos
616 4434 797 4499 communis
830 4434 896 4517 jum
926 4448 977 4498 est
1013 4437 1187 4500 sententia.
1245 4439 1440 4513 Caesarum,
1482 4456 1521 4498 ac
1559 4434 1735 4519 praecipue
1778 4437 1922 4521 Augusti
1963 4451 2000 4502 et

443 4540 565 4603 Contra
586 4558 646 4635 cur
673 4537 764 4600 numi
784 4555 859 4600 cam
887 4549 966 4620 typo
993 4539 1188 4623 capricorni,
1246 4538 1402 4619 Traiani,
1443 4556 1561 4601 numos
1603 4536 1773 4601 commatis
1815 4540 2000 4623 peregrini,

444 4658 586 4707 coronae
617 4656 783 4723 quernae,
811 4638 980 4705 Victoriae
1018 4653 1084 4706 etc.
1121 4654 1190 4705 tam
1245 4661 1385 4726 qaorum
1405 4641 1541 4724 patriam
1561 4638 1652 4702 nulla
1673 4640 1781 4723 possis
1803 4642 1999 4725 conjectura

445 4742 528 4807 certi
553 4738 766 4810 Alexandrini
787 4738 850 4802 sint
872 4739 1028 4825 putandi,
1060 4746 1188 4808 eausam
1244 4742 1402 4826 adsequi,
1443 4755 1478 4805 et
1506 4761 1591 4826 qnos
1621 4760 1687 4825 ega
1718 4742 1751 4804 in
1783 4742 2000 4827 disponendis

444 4846 595 4910 idoneam
606 4861 683 4905 *aaa
703 4841 846 4927 reperio.
896 4842 972 4907 Nan
1001 4865 1078 4910 eane
1106 4847 1188 4914 hauc
1245 4846 1391 4928 muaeis,
1421 4841 1684 4929 adornandisque
1716 4845 1873 4931 catalogis
1902 4846 2001 4914 saleo
