4292 5467
585 618 1222 697 ttvttttrtttttttsttottvtt.
1457 658 1460 663 ·
1605 626 1674 711 tt's

141 810 253 875 genere
292 788 386 852 vilius
423 788 605 873 tritinsque.
648 790 747 853 Numi
776 810 807 873 7.
834 790 871 867 θ,
928 810 1034 876 prope
1056 789 1220 855 Pndmnlti
1242 792 1422 859 Bnitemiae
1444 811 1565 878 pagum
1592 816 1675 880 puu-

141 894 204 977 quia
227 890 335 967 aurei,
362 904 397 957 et
422 890 563 959 necdum
584 893 717 958 sliunde
738 890 872 977 cogniti,
930 891 1014 956 dere
1028 892 1184 957 librarum
1196 894 1327 959 txxtt
1343 898 1469 981 reperti
1483 912 1675 983 suntque·-

140 994 296 1059 ebssrrsri
316 1006 503 1073 merentur,
537 1009 572 1059 et
599 996 700 1063 hebet
723 1014 872 1060 museum
930 997 1089 1079 quereri
1116 996 1237 1061 incisos
1268 996 1360 1063 dedit
1386 999 1551 1065 Adsuetus
1574 1000 1675 1085 Veigt

140 1097 322 1161 Cseureum
354 1097 524 1185 utriusque
546 1098 640 1185 plura
656 1092 871 1183 exemplaria,
926 1096 963 1159 in
986 1097 1213 1163 dissertatione
1230 1100 1356 1185 Prsgse
1373 1101 1483 1167 ‘forms
1504 1101 1675 1188 epistolari

140 1198 193 1262 sed
210 1201 242 1262 iu
263 1199 380 1286 quibus
412 1200 507 1264 deest
535 1200 733 1285 epigraphe,
756 1212 873 1264 'temen
924 1199 1041 1282 edita,
1070 1202 1125 1268 eui
1145 1201 1278 1266 titulass
1311 1202 1490 1271 Schrea‘bsrt
1509 1226 1555 1270 un
1579 1208 1675 1271 einen

140 1301 206 1383 quia
230 1313 347 1385 types,
385 1300 534 1384 pnndus,
564 1302 719 1366 iubriesm
751 1302 873 1367 hubent
930 1304 1064 1367 Ereuud
1082 1318 1146 1369 stc,

140 1404 226 1484 piane
252 1401 438 1483 geminam,
468 1423 566 1466 neme
594 1425 690 1467 senus
718 1401 876 1469 sdhsene·
1610 1441 1614 1448 ·

139 1502 197 1577 bit,
228 1521 292 1587 qun
327 1502 434 1566 miuus
474 1516 508 1567 et
541 1504 602 1567 hos
634 1504 874 1589 anepigraphen
995 1502 1096 1575 Num.
1111 1522 1168 1571 no.
1212 1506 1375 1574 sttccs.
1398 1508 1522 1570 Numer
1539 1527 1674 1593 quoque

139 1602 247 1667 eodem
272 1622 372 1669 rusus
394 1618 528 1670 auctore
556 1605 716 1671 adfirmet.
759 1608 875 1684 Erant,
932 1604 980 1668 sie
996 1604 1176 1690 inscriptos
1198 1608 1237 1671 iu
1256 1608 1676 1695 flispmtensibmputsrit

138 1704 186 1790 qui
203 1704 435 1789 opinabantur,
456 1707 609 1803 numulos
631 1708 755 1771 duriter
768 1728 873 1814 ‘posse
928 1706 1140 1775 t’stterinius.

139 1809 294 1871 recenseri
315 1808 358 1871 iis
380 1809 506 1889 aureis,
529 1811 585 1896 qui
606 1811 820 1895 frequenter,
841 1822 876 1873 et

139 1930 241 1991 magna
265 1923 499 1996 nonnunquam
530 1912 622 1996 eopia
650 1914 684 1972 iu
715 1908 875 1977 notente
1062 1920 1064 1923 ’
1190 1960 1210 1999 „
1265 1915 1315 1953 ·'
1398 1960 1418 1999 „

140 2010 348 2089 effudiuntur,
371 2014 445 2097 quia
466 2014 533 2077 illis
555 2026 701 2097 spectato
723 1994 873 2097 p‘dndere

139 2126 167 2175 et
200 2110 319 2177 fabrica
367 2115 518 2198 proxime
557 2117 724 2181 secedunt.
776 2117 872 2194 Vide,
951 2130 956 2143 ·
987 2114 1218 2180 characterem
1232 2116 1351 2179 horum
1368 2116 1540 2179 numerum
1556 2116 1675 2180 eonsti-

139 2233 211 2297 quae
236 2212 278 2277 de
306 2213 375 2278 hoe
401 2213 501 2277 dubio
529 2216 687 2299 prolixius
712 2217 874 2282 ‘disseruit
927 2226 1025 2277 tusus
1038 2218 1128 2300 typi,
1149 2218 1265 2281 modus
1282 2220 1447 2302 pieturee,
1464 2231 1503 2281 'et
1517 2217 1652 2283 fabrica.

137 2318 334 2379 Neumnunns
351 2318 402 2397 ·).’
436 2316 493 2379 sin
515 2318 620 2396 istud,
649 2332 776 2381 eertum
800 2340 874 2402 per·

137 2418 204 2480 inde
222 2419 302 2493 erit,
326 2419 426 2481 etism
448 2438 564 2491 numos
586 2420 760 2503 inscriptos
780 2418 874 2482 Btt·
992 2416 1109 2481 tustra
1126 2417 1231 2484 u‘ffert
1248 2434 1349 2504 eaput
1369 2417 1675 2505 aliquod·,1adstitu-

137 2516 215 2581 tttc
242 2538 317 2581 esse
347 2521 558 2586 Bobemiros.
603 2523 728 2583 Tamen
760 2523 874 2585 sertis·
926 2530 964 2581 to
989 2538 1111 2602 ssepe,
1141 2522 1245 2584 etism
1266 2522 1442 2607 utrinqne,
1478 2525 1675 2597 ramusculo,

137 2618 240 2680 simum
257 2634 327 2697 est,
351 2621 431 2700 hos,
454 2623 496 2685 ds
519 2622 635 2707 quibus
656 2625 796 2709 agimus,
819 2646 873 2687 nu·
925 2620 1019 2711 numi
1036 2640 1132 2683 ‘oram
1145 2635 1282 2704 praeter
1298 2622 1471 2707 globulos,
1494 2642 1575 2707 quos
1596 2620 1677 2686 Gre-

136 2738 203 2782 reos
222 2722 303 2784 nihil
325 2722 451 2787 habers
470 2744 647 2788 eommune
665 2746 741 2789 enm
763 2727 873 2789 Behe·
929 2723 1018 2799 rrtis
1053 2722 1278 2805 eppeiismns,
1310 2722 1539 2793 claudentibus
1563 2723 1674 2790 tsrise

138 2822 217 2885 minis
231 2824 316 2903 iilis,
340 2826 459 2909 partim
486 2826 560 2910 quia
581 2839 647 2891 tum
666 2828 770 2892 nitida
794 2827 873 2892 seri·
925 2822 1054 2886 formes
1082 2818 1294 2891 anfractibus.
1335 2827 1494 2891 =drersttm
1529 2827 1676 2911 plerum·
1745 2852 1750 2865 ¹

137 2940 219 3007 pturs
232 2923 406 2989 BIATEC
428 2927 551 2991 fastidit
576 2929 705 2991 serenis
724 2928 779 2992 illa
803 2952 873 2994 me·
929 2944 993 3008 que
1019 2940 1162 3009 occupat
1182 2942 1310 3010 eques,
1346 2940 1441 3011 typus
1470 2940 1535 2991 tam
1564 2926 1675 3001 cultis,

137 3026 176 3087 dii
200 3028 269 3092 seri
296 3028 462 3106 bsrbsrs,
500 3029 617 3113 quibus
646 3050 764 3093 aureos
795 3030 872 3093 illes
924 3047 1023 3111 qnam
1044 3026 1192 3090 barbaris
1208 3027 1340 3110 populis
1361 3028 1508 3111 pinnitus·
1550 3030 1620 3093 Sed
1639 3036 1697 3094 et'

136 3129 321 3193 Bohsmiros
344 3113 443 3193 enses
467 3142 618 3207 constet,
652 3132 770 3213 partim
792 3132 873 3216 quis
929 3128 1077 3191 smsbsut
1098 3129 1246 3191 animalia
1269 3131 1424 3193 exuariis
1446 3130 1568 3194 naturis
1585 3145 1674 3195 eom-

136 3230 213 3293 numi
232 3230 266 3293 id
288 3251 396 3316 genna
423 3231 515 3295 aurei
538 3230 682 3297 mihies
703 3234 873 3318 Hungaria
927 3232 1058 3315 posits,
1082 3228 1169 3314 quod
1190 3230 1372 3294 institutum
1389 3227 1564 3295 'barbarum
1584 3232 1674 3295 diee-

136 3346 165 3394 et
177 3332 401 3396 Transilrsnia
414 3333 517 3396 adlati
533 3332 647 3409 fuere,
665 3335 781 3417 partim
797 3336 871 3421 quia
926 3353 1059 3410 remus,
1087 3332 1150 3394 nisi
1172 3352 1231 3395 ens
1253 3346 1447 3395 excusarent
1467 3333 1671 3397 Graecorum

135 3448 193 3495 tum
214 3436 306 3521 argui
327 3448 443 3519 posset
471 3456 508 3499 ae
536 3435 675 3498 deberet
698 3438 799 3499 etism
822 3458 872 3499 sn·
923 3434 1146 3509 Chimaerae,
1187 3432 1378 3516 sphinges,
1412 3433 1570 3497 Centauri
1607 3448 1670 3498 ete.

135 3548 260 3616 gentem
292 3537 471 3621 inscriptos
501 3535 670 3601 BtsTttc
699 3558 777 3603 esse
806 3539 873 3602 Bo·
924 3533 1045 3605 Vtrnm
1067 3531 1229 3598 valuerint
1250 3534 1283 3593 iu
1305 3529 1470 3615 symbola,
1497 3547 1531 3598 et
1548 3535 1673 3621 allego·

134 3636 292 3716 hernicos,
321 3658 400 3702 eum
420 3638 602 3705 verisimile
630 3658 698 3701 nen
727 3638 787 3719 sit,
817 3658 872 3703 rs·
921 3638 1013 3714 rias,
1046 3657 1087 3699 sn
1106 3654 1152 3725 ‘ex
1173 3634 1373 3719 mythologie
1400 3636 1527 3719 privsta'
1545 3634 1673 3701 fuerint

134 3740 235 3819 guium
271 3739 426 3825 ejusdem
455 3740 596 3803 nominis
631 3740 736 3805 'fuisse
767 3740 871 3806 etin
924 3736 1046 3825 petits,
1068 3738 1274 3821 ignoramus,
1296 3740 1510 3817 retentaris
1525 3754 1603 3801 nate
1618 3758 1673 3802 su·
1741 3734 1745 3740 ’

132 3841 299 3919 Buhamis,
331 3854 369 3905 et
387 3836 422 3901 iu
446 3838 604 3918 Oriente,
631 3855 798 3907 ettamen
821 3862 871 3906 ar·
927 3862 995 3904 ero.
1037 3838 1209 3921 Deceptis
1228 3857 1270 3900 ex
1286 3836 1400 3902 alieno
1426 3838 1509 3922 typis
1532 3855 1669 3922 egemus

134 3944 235 4025 geutei
250 3944 285 4005 hi
309 3960 428 4008 omnes
450 3962 492 4005 ex
510 3942 651 4007 Oriente
673 3939 872 4008 nobis‘adie·
921 3937 1066 4008 nrtieuio
1086 3952 1256 4025 sequente.

132 4058 257 4121 rentur,
287 4042 411 4129 partim
434 4042 597 4129 denique,
620 4045 743 4130 quirin
763 4042 870 4115 numis
946 4070 948 4077 ·
1180 4046 1184 4053 '
1228 4061 1234 4067 ·

132 4146 221 4209 sertis
236 4146 448 4223 Bohemieis,
467 4147 534 4209 etsi
556 4148 709 4231 spectetis
730 4147 871 4212 unuuul·
987 4146 1143 4212 Picturae
1174 4139 1292 4207 modus
1320 4139 1505 4205 barbariem
1536 4145 1669 4209 omnine

132 4250 166 4310 iis
185 4250 286 4314 nausis
315 4247 493 4315 rideantur
511 4245 564 4311 his
583 4249 705 4313 nestris
727 4266 802 4314 esse·
828 4248 878 4321 si·‚
922 4250 1047 4334 spirate
1078 4250 1224 4332 Apparet
1240 4246 1323 4307 haee
1344 4238 1533 4327 cumprimis
1552 4264 1597 4309 ex
1619 4264 1671 4310 ea·

132 4350 234 4431 miles,
259 4362 375 4417 tumen
396 4350 497 4413 iidem
518 4350 586 4435 typi
603 4352 766 4434 ‘comperti
790 4373 870 4417 unn-
920 4350 1046 4435 'pitibus
1059 4345 1210 4427 ¹entieae,
1233 4358 1267 4411 et
1283 4345 1376 4430 equis
1393 4364 1539 4414 srersse.
1561 4344 1668 4441 Quem

131 4454 199 4515 dum
220 4466 315 4527 sunt,
345 4464 382 4516 ut
401 4464 492 4535 putet
510 4472 551 4516 ex
571 4452 736 4517 ieonismis
756 4474 870 4519 numo·
924 4452 1008 4519 disee
1029 4472 1127 4537 saepe
1141 4449 1266 4513 fuerint
1286 4445 1457 4526 monstris,
1479 4467 1517 4512 ae
1536 4463 1670 4533 porten-

133 4574 215 4633 run,
245 4555 303 4641 qui
333 4572 421 4618 anun
450 4551 590 4616 iubentis
611 4555 733 4620 saeculi
754 4555 868 4625 uxxt.
925 4557 967 4621 tis
986 4555 1121 4633 similis,
1143 4552 1272 4617 dicetur
1287 4548 1448 4634 proxime.

165 4876 189 4927 s*
209 4875 298 4933 Num.
317 4892 396 4952 pop.
412 4895 444 4952 p.
462 4886 523 4938 tto.
