4292 5467
432 610 503 679 502
1052 590 1242 667 CAPV‘I'
1275 589 1354 665 vlt.
1406 654 1418 661 .

434 762 520 840 erit,
561 774 682 847 quanta
719 760 901 827 diuturnius
942 750 1079 841 alicuius
1114 758 1181 823 iuit
1233 757 1449 843 scriptoribus
1465 759 1688 845 promulgatos
1706 756 1896 843 suspicatur.
1915 757 1978 819 tti-

432 863 592 947 priucipis
619 865 816 948 imperium,
851 876 942 929 tauto
975 863 1072 927 etiarn
1102 880 1177 926 esse
1233 880 1271 925 rs
1288 861 1403 925 barole
1419 861 1502 925 baec
1517 861 1623 925 oratio
1638 864 1705 927 risa
1723 860 1880 946 eruditis,
1900 880 1974 923 eum

433 966 611 1047 auctiorem
628 979 862 1030 neocoratuum
876 984 1059 1042 numerum,
1080 982 1179 1046 qusu-
1234 960 1283 1027 sio
1311 962 1379 1024 sibi
1400 962 1465 1047 ipsi
1492 976 1616 1026 certam
1642 962 1717 1026 falsi
1743 963 1860 1047 indicii
1881 962 1974 1023 litem

433 1079 468 1131 to
496 1065 817 1147 blidemundus,
847 1080 937 1131 tauto
964 1065 1062 1131 etiam
1089 1065 1178 1127 bunc
1233 1061 1383 1129 intentet.
1404 1053 1561 1127 'Etenim
1583 1083 1650 1127 usu
1673 1064 1842 1140 meminit,
1870 1062 1975 1127 editos

433 1166 709 1246 contractiorem,
730 1161 844 1255 'atque
879 1186 997 1231 numos
1026 1167 1177 1231 Commo·
1234 1183 1316 1229 ase
1345 1164 1385 1227 iu-
1408 1184 1469 1229 ιιι
1502 1164 1550 1227 de
1575 1166 1682 1229 usmis
1709 1164 1845 1229 Graecis
1874 1182 1976 1249 opere

433 1267 492 1344 di,
514 1266 663 1356 bereri,
693 1268 874 1333 Alexandri
906 1270 1021 1355 plures
1054 1266 1179 1347 jsctme
1233 1283 1351 1327 numos
1378 1264 1488 1331 rusios
1506 1266 1725 1349 ,nannetico
1755 1280 1789 1331 et
1814 1266 1976 1341 Sardium,

431 1384 648 1448 neocoratus,
669 1392 764 1456 quam
788 1390 904 1435 numos
923 1368 1080 1449 biscrini,
1100 1368 1179 1431 Ela-
1233 1364 1408 1451 inquibus
1437 1380 1633 1433 neocoratus
1654 1365 1692 1433 Β.
1715 1380 1750 1432 et
1768 1365 1811 1454 Γ.
1840 1368 1975 1444 smiaut,

430 1472 560 1557 gabeli,
596 1471 785 1548 Maximini,
829 1490 970 1557 quorum
1010 1468 1176 1554 perbrere
1233 1465 1319 1530 etsi
1341 1466 1413 1551 quis
1437 1468 1759 1551 relletsmpliusda
1784 1469 1976 1553 praeconio·

429 1572 523 1639 init
513 1573 698 1656 imperium
741 1574 868 1641 Verum
892 1572 990 1656 plane
1015 1570 1178 1649 ridemus,
1232 1588 1307 1631 rum
1327 1566 1394 1633 fida
1416 1567 1584 1647 dubitare,
1611 1568 1709 1633 facile
1735 1571 1822 1635 bunc
1842 1588 1974 1654 possem

431 1676 614 1753 diuturnius
641 1674 858 1739 brerinsre'
848 1671 1023 1759 imperium
1055 1692 1176 1738 neoco·
1232 1670 1425 1736 auctoritate
1468 1691 1643 1736 nnmerum
1683 1670 1790 1735 masei
1822 1672 1975 1738 Caesarei

429 1790 519 1843 ratus
558 1796 713 1839 numeros
750 1794 859 1859 neque
902 1794 1024 1859 augere
1063 1794 1174 1863 neque
1231 1772 1441 1838 convincere.
1482 1772 1547 1837 Hic
1567 1792 1649 1857 ergo
1665 1771 1770 1836 nodus
1784 1793 1858 1838 oum
1875 1773 1975 1837 modo

428 1877 601 1955 minuere,
635 1878 726 1961 cajus
756 1875 889 1961 quidem
916 1874 993 1939 iacti
1023 1876 1175 1961 exempla
1232 1871 1381 1963 simplice
1400 1872 1526 1941 exsolui
1543 1894 1611 1936 uon
1626 1888 1755 1957 posset,
1777 1874 1881 1941 ιιιίιι
1901 1896 1974 1941 eru·

430 1977 651 2065 uun-adfero,
681 1976 769 2064 qnod
798 1998 837 2041 ea
858 1998 900 2041 ex
920 1976 1067 2062 praefixo
1089 1989 1175 2041 catu·
1231 1972 1317 2063 ditos
1337 1975 1561 2058 conjecturas,
1582 1996 1680 2061 saepe
1703 1974 1874 2054 absurdus,
1901 1996 1974 2041 cer·

430 2080 510 2165 logo
538 2081 607 2165 peti
641 2093 786 2164 possunt,
838 2080 954 2163 Neque
983 2080 1081 2142 etiam
1107 2081 1175 2144 aui·
1230 2086 1264 2139 te
1286 2075 1372 2140 mile
1390 2077 1607 2140 cohaerentes
1628 2077 1739 2161 coegit
1761 2078 1970 2151 comminisci.

429 2196 569 2261 mussat
586 2182 786 2269 argumentis
805 2180 971 2265 pluribus,
995 2201 1078 2264 quae
1096 2198 1172 2243 sane
1230 2176 1365 2261 Aliquid
1390 2176 1453 2240 sibi
1473 2176 1666 2245 videbuntur
1691 2178 1846 2243 adtulisse
1863 2179 1973 2243 liube-

383 2294 389 2303 '
427 2304 494 2349 nou
522 2282 659 2363 desunt,
689 2284 882 2347 coutentium
904 2282 986 2345 hauc
1008 2283 1175 2346 convelle·
1229 2281 1322 2355 uius,
1352 2269 1600 2363 Vaudalius1),
1630 2280 1835 2365 sperlingius
1857 2278 1911 2365 Ιι),
1926 2296 1973 2345 ·at

426 2407 486 2465 re,
516 2406 591 2450 cum
616 2399 649 2449 et
669 2384 827 2467 temperis
856 2396 889 2446 et
915 2381 1045 2463 ebur-tae
1074 2385 1174 2465 jactu·
1228 2383 1454 2446 Boouurrotus
1479 2388 1530 2465 ⁰),
1564 2382 1620 2467 qui
1649 2402 1691 2445 ex
1720 2402 1857 2446 numero
1892 2396 1973 2445 tem·

425 2508 496 2552 rum
510 2500 644 2570 putem,
664 2498 775 2569 suapte
792 2482 950 2549 infirmam
968 2495 1001 2547 et
1019 2484 1084 2565 jaun
1102 2506 1173 2567 pas·
1228 2483 1380 2567 plorum,
1400 2502 1483 2567 quse
1505 2503 1603 2571 saepe
1627 2484 1660 2545 in
1683 2484 1791 2545 numia
1813 2483 1971 2549 similibus

427 2590 488 2655 sim
512 2578 685 2649 fsaiiditam
715 2586 919 2667 impugnare.
964 2584 1037 2681 Qui¹
1055 2588 1090 2647 iu
1110 2584 1172 2648 bac
1228 2604 1304 2667 pars
1331 2604 1445 2648 aversa
1475 2582 1579 2662 sistis,
1614 2604 1787 2649 numerum
1817 2604 1970 2652 neocora·

427 2706 523 2759 cause
545 2686 639 2769 plura
664 2685 769 2762 volet,
800 2684 896 2749 odeat
921 2686 1173 2773 commentarios
1229 2697 1320 2748 tuum
1341 2703 1439 2768 posse
1462 2686 1620 2769 explicari
1644 2682 1814 2770 putabant,
1837 2700 1870 2749 at
1890 2706 1971 2753 vero

426 2786 629 2875 Mateolani.
692 2826 695 2833 ·
1229 2806 1326 2871 quarn
1340 2806 1439 2871 saepe
1453 2801 1666 2872 utrorumque
1679 2808 1834 2852 uumerus
1849 2786 1973 2853 discor·

491 2888 662 2952 Sententia
687 2888 829 2953 omnious
852 2889 990 2955 menime
1014 2889 1174 2953 verisimi·
1229 2888 1306 2967 det,
1327 2891 1361 2951 in
1376 2888 1513 2951 laudatis
1536 2910 1633 2973 supra
1653 2889 1893 2953 commentariis
1906 2892 1971 2973 jam

427 2991 469 3057 lis
486 2990 625 3066 ostilia,
648 3010 730 3073 quae
749 2990 908 3057 collectos
926 3013 987 3076 per
1004 2992 1093 3057 suria
1114 2993 1173 3055 im·
1229 2991 1306 3054 satis
1335 2990 1589 3073 comprobarunt
1611 2990 1818 3068 Vaillautius,
1840 2994 1972 3055 Masso·

426 3091 521 3178 peria
536 3093 909 3157 neocoratus'enuuciat.
953 3093 1084 3173 Credo,
1098 3116 1173 3159 eru·
1228 3094 1344 3170 lenus,
1364 3092 1576 3157 Pelleriuius.
1618 3090 1724 3187 Quum
1752 3092 1815 3155 sibi
1835 3094 1971 3158 salutem

428 3194 514 3258 ditos
548 3192 747 3277 antiquarios
781 3192 858 3257 iude
894 3215 912 3257 a
941 3194 1104 3279 principio
1137 3196 1173 3257 in
1229 3192 1388 3279 postremi
1413 3192 1534 3255 biduo
1558 3190 1689 3275 effugiis
1714 3196 1781 3257 scis
1806 3197 1972 3279 quaesive-

428 3315 467 3361 ec
491 3295 593 3359 fuisse
614 3295 843 3379 acquietaret,
872 3314 981 3379 neque
1005 3311 1174 3381 respecto·
1228 3296 1312 3374 siut,
1341 3307 1454 3379 suapte
1474 3306 1564 3379 patet
1584 3315 1699 3357 eorum
1718 3292 1972 3360 commentarios

426 3416 483 3461 ros
513 3410 652 3481 unquam
681 3396 792 3471 illam,
825 3415 907 3479 quae
936 3412 1171 3475 neocorstnum
1228 3397 1374 3484 legenti,
1402 3397 1459 3479 qui
1486 3395 1522 3457 in
1550 3416 1644 3461 causa
1673 3396 1815 3480 implexa
1844 3414 1970 3483 pertur-

426 3498 629 3561 iucrementa
658 3496 795 3580 singulis
820 3497 967 3580 imperiis
988 3496 1171 3585 adscripsit,
1229 3498 1367 3585 betaque
1403 3510 1536 3581 praeter
1572 3498 1775 3580 conjecturas
1807 3485 1896 3563 nulla
1924 3499 1970 3561 ui·

423 3597 488 3661 nisi
517 3619 577 3662 eos
604 3598 821 3663 solicitasseut
850 3596 1082 3664 decrescentes
1111 3602 1173 3664 ite·
1229 3623 1286 3666 ιιι
1306 3583 1496 3665 suctoritate
1525 3599 1614 3662 aliud
1644 3600 1726 3662 nibil
1755 3598 1968 3683 suppeditant,

424 3719 498 3761 rura
523 3720 638 3763 eoram
655 3700 803 3776 numeri,
825 3712 920 3784 utque
936 3700 1054 3763 iterum
1074 3703 1171 3781 aucti,
1229 3715 1265 3767 et
1293 3702 1350 3788 qui
1378 3700 1518 3785 denique
1548 3700 1645 3763 simul
1673 3701 1849 3784 legantur,
1876 3703 1969 3765 simul

426 3801 517 3884 cnjus
539 3822 617 3863 sane
640 3800 872 3864 inconstantiae
899 3800 1057 3866 rationem
1087 3804 1171 3867 diiii·
1229 3804 1411 3871 certissime
1463 3800 1679 3865 fastidiuntur.
1737 3803 1789 3865 Ad
1833 3804 1972 3869 Pelleri·

425 3901 491 3966 cile
525 3916 577 3965 eat
611 3902 645 3962 in
683 3901 746 3964 boc
784 3914 957 3981 systemate
992 3904 1319 3987 explicaremus
1355 3902 1444 3992 quod
1478 3904 1615 3979 attinet,
1656 3901 1767 3965 mirari
1801 3908 1877 3969 sutis
1906 3927 1973 3972 nou

426 4002 503 4097 Quo
524 4001 611 4066 enim
636 4016 779 4085 pactor.
797 4019 829 4084 g.
850 4002 1057 4083 Nicomedis,
1087 4026 1171 4091 quaa
1227 4028 1377 4115 possum,
1410 4027 1470 4091 qua
1496 4007 1524 4067 is
1551 4003 1678 4067 ratione
1706 4006 1855 4121 potuerit
1882 4008 1972 4071 adse·

424 4104 485 4171 snb
507 4104 672 4169 Caracalla
700 4121 737 4165 se
763 4103 897 4169 tertium
920 4124 1097 4171 neocoram
1120 4122 1173 4175 est
1227 4108 1323 4199 rere,
1353 4128 1389 4173 se
1405 4109 1439 4169 in
1455 4104 1604 4169 Sardium
1626 4104 1731 4167 numia
1753 4127 1818 4170 uuo
1841 4111 1971 4173 eodem·

418 4207 591 4326 professe,
615 4205 739 4271 variare
759 4205 915 4291 deinceps
936 4209 1062 4291 potnit,
1082 4223 1116 4274 et
1134 4230 1170 4277 se
1228 4232 1292 4297 que
1314 4230 1400 4276 suno
1425 4208 1557 4292 signatis
1584 4193 1854 4296 deprehendisse
1869 4196 1973 4294 dupli·

422 4310 487 4393 jam
516 4309 586 4386 bia,
619 4310 682 4392 jam
711 4310 843 4373 tertium
867 4318 1043 4375 nectorem
1068 4332 1170 4377 enen·
1227 4314 1274 4380 cis
1292 4312 1436 4399 generis
1466 4322 1701 4383 neocoratum,
1732 4301 1913 4406 nempeB.
1936 4327 1971 4375 ct

425 4412 540 4477 ciarei
582 4412 761 4475 Enimvero
782 4410 975 4478 Vsillantius
1002 4410 1101 4479 facila
1129 4414 1170 4479 ab
1224 4412 1268 4479 Γ.
1296 4413 1403 4501 quod,
1440 4411 1563 4495 inquit,
1599 4434 1616 4473 ι
1652 4410 1783 4475 nemine
1812 4412 1969 4477 bactensis

423 4515 485 4580 bac
506 4534 579 4579 sese
596 4514 746 4577 molestia
766 4511 905 4590 liberat,
927 4532 1001 4577 cum
1018 4534 1096 4579 reos
1111 4516 1169 4581 bu·
1226 4516 1289 4581 tuit
1327 4516 1545 4580 observatum.
1605 4513 1749 4590 Names,
1794 4505 1909 4599 quibos
1942 4516 1970 4577 is

424 4619 476 4702 jus
508 4614 741 4681 inconstantiae
769 4632 886 4678 numus
922 4619 1008 4681 male
1047 4637 1121 4683 asse
1150 4641 1169 4684 s
1225 4618 1362 4697 nititur,
1391 4636 1489 4701 supra
1516 4612 1676 4698 descripsi
1697 4612 1731 4675 iu
1754 4615 1876 4699 judicio
1898 4618 1972 4677 Pel·
2016 4626 2018 4630 ·
2125 4635 2126 4650 ¹

456 4822 486 4891 a)
506 4820 535 4876 ll.
555 4841 598 4879 cc.
672 4822 707 4892 b)
725 4822 793 4880 diss.
811 4824 849 4881 ad
865 4842 944 4882 ιιιιιιι.
963 4827 1193 4903 Tranquilliuse.
1269 4828 1301 4902 e)
1321 4845 1431 4888 osserv.
1451 4826 1498 4883 ist.
1522 4844 1554 4902 p.
1576 4836 1639 4897 ¹59.
