4292 5467
615 624 766 701 nvsas
801 624 1238 702 anaxanonsnr.
1660 658 1707 725 43

144 798 272 861 Eodem
308 787 465 883 exemplo
495 792 595 859 urbes
628 816 779 882 quoquc,
823 817 906 862 cum
955 796 1073 860 stantio
1100 796 1244 874 Chloen,
1278 812 1312 886 et
1337 800 1629 891 Gal.'biaximisno
1656 811 1711 875 ha·

144 921 261 964 noram
300 900 461 984 epocham
499 896 897 984 induxerant,‚prinsum
954 899 1020 963 bita
1060 900 1145 962 ratio
1182 902 1364 967 Caesareae
1399 902 1575 989 dignitatis.
1624 911 1709 981 Vide

143 1002 216 1084 ejus
244 1023 367 1065 annum
397 1004 593 1087 plerumque
631 1000 815 1065 babuerunt
850 1002 897 1064 in·
955 1022 1071 1066 eorum
1102 1002 1188 1067 iufra
1214 1024 1343 1069 numos.
1383 1007 1550 1093 Augustae
1579 1016 1711 1079 marito·

143 1104 364 1187 completum,
385 1102 779 1191 quodobserratumfuit
798 1104 904 1167 etiam.
953 1125 1027 1168 rum
1056 1124 1158 1168 annos
1181 1120 1294 1170 nactae
1322 1121 1406 1170 snut.
1444 1112 1549 1179 Vnam
1576 1116 1711 1181 severi.

143 1205 183 1271 ab
206 1206 426 1271 Antiochens's
454 1208 488 1271 in
515 1200 691 1270 statuenda·
715 1224 791 1271 aera
820 1208 900 1269 Cae·
955 1227 1030 1269 nam
1051 1206 1258 1271 continuasse
1275 1211 1399 1273 mortui
1414 1213 1585 1279 Aureliani
1603 1220 1710 1282 mariti

143 1310 290 1386 suiuus,
321 1309 478 1394 aliisque,
508 1309 550 1373 dc
582 1329 644 1395 qua
674 1307 753 1389 lega
782 1323 899 1391 agetur
955 1329 1078 1385 annos,
1111 1329 1152 1369 ex
1181 1310 1286 1372 numia
1316 1311 1487 1395 probabile
1509 1317 1559 1384 iit.
1602 1320 1709 1399 Vide,

143 1411 280 1475 uberius
308 1410 343 1473 in
372 1422 512 1475 tractatu
540 1409 582 1473 de
610 1408 756 1493 epochis.
799 1412 900 1473 Prae·
956 1431 1039 1495 quaa
1053 1410 1238 1475 notabimus
1251 1412 1293 1474 ad
1307 1416 1478 1480 Aureliani
1489 1440 1608 1488 numos
1621 1443 1710 1487 com·

144 1513 236 1577 clare
266 1533 349 1579 vcro
380 1513 479 1576 eliam
511 1508 566 1577 bic
599 1512 897 1577 Alexandrinorum
955 1512 1049 1577 matis
1069 1512 1221 1575 Romani.
1717 1584 1721 1590 ¹

144 1635 219 1679 mos
250 1614 483 1699 comprobatur
512 1616 666 1700 exemplo
694 1615 820 1681 vicione
848 1617 900 1676 lu·
1041 1615 1271 1678 {brinnacum
1298 1619 1430 1683 numeri
1448 1622 1607 1688 autuotis
1625 1624 1709 1690 indi·

144 1718 266 1795 dacae,
291 1731 327 1780 ut
350 1716 898 1783 habeturinTalusudsecnadam
957 1716 1133 1792 calleant,
1163 1728 1217 1779 uta
1250 1717 1291 1784 A.
1314 1717 1355 1781 Δ.
1378 1719 1434 1785 ΙΒ.
1456 1722 1531 1785 KA.
1560 1738 1625 1791 stc.
1654 1742 1709 1790 aut
1763 1762 1766 1768 ·

143 1820 453 1905 interpretationem
494 1822 658 1885 Buxtorfii
685 1823 738 1903 ⁸)a
783 1821 900 1883 Prima
956 1818 1034 1882 inda
1054 1840 1073 1881 a
1091 1818 1293 1902 Vespasiano
1318 1821 1436 1907 partim
1458 1825 1563 1901 notis,
1588 1828 1708 1911 partim

144 1921 343 1989 ateslttsan
363 1936 415 1987 est
435 1944 537 1990 novas
558 1944 666 1986 annas
682 1942 814 2005 regam
842 1943 901 1984 an·
956 1921 1056 2005 plane
1082 1920 1214 2004 scripti,
1244 1934 1297 1985 uta
1330 1918 1587 1993 AETTEPOT.
1617 1926 1710 1991 TPI-

145 2044 210 2085 nsss
230 2023 292 2087 ius
308 2037 379 2102 cst,
404 2045 427 2086 a
441 2045 504 2105 quo
522 2046 717 2103 numerare,
732 2036 767 2087 et
782 2044 900 2106 sappu-
959 2022 1062 2085 ΤΟΤ.
1081 2019 1343 2090 TETAPTOT.
1360 2022 1615 2093 ΠΕΜΠΤΟΤ.
1632 2029 1708 2092 ΕΚ-

145 2138 222 2188 tare
235 2126 441 2207 incipiebant
460 2147 565 2189 annos
581 2129 679 2210 regni
693 2146 807 2210 regam
825 2146 900 2189 sao·
957 2122 1061 2189 Tor.
1083 2119 1321 2191 ΕΒΔΟΜΟΤ.
1340 2125 1547 2209 ENATOT·
1569 2126 1709 2191 ΔΕΚΑ·

144 2246 220 2287 rrsrn
246 2230 284 2289 in
309 2229 553 2304 contractibus,
584 2228 837 2312 chirographis,
863 2240 898 2291 et
958 2222 1062 2287 ΤΟΤ.
1078 2224 1111 2285 in
1129 2225 1335 2308 compositis:
1356 2227 1395 2288 1..
1408 2224 1705 2297 eNoettATot‘.

138 2328 291 2411 publicis
314 2331 465 2393 omnibus
489 2334 721 2414 instrumentis
738 2345 772 2392 ct
794 2330 900 2410 dipto-
954 2325 1028 2391 vels
1061 2324 1176 2389 TPtc.
1201 2328 1242 2391 Κ.
1267 2324 1308 2393 Δ.
1339 2326 1374 2388 id
1402 2341 1467 2391 ests
1500 2328 1616 2394 TPIC.
1641 2332 1707 2393 Kas

144 2432 316 2509 mutibus,
340 2436 400 2512 pai
421 2432 467 2494 ad
489 2452 599 2495 annos·
613 2444 647 2495 et
664 2452 790 2495 mensas
810 2434 898 2513 regis
955 2425 1093 2503 Amara,
1121 2427 1195 2494 uel:
1230 2424 1411 2495 GNNGA..
1431 2428 1474 2493 K.
1503 2427 1543 2497 A.
1572 2430 1606 2493 id
1638 2448 1706 2499 est:

143 2535 321 2615 regnantis
329 2535 619 2617 componebantur,
631 2535 713 2596 adeo
724 2545 779 2611 at,
787 2553 900 2613 quarn·
957 2526 1131 2595 GNNGA.
1151 2530 1216 2591 Kar
1239 2523 1369 2591 Assera.
1402 2531 1586 2617 singularia
1611 2548 1704 2598 sunt:
1735 2587 1739 2595 .

144 2637 195 2697 vis
210 2654 279 2696 uno
299 2649 432 2699 tantum
448 2658 576 2713 mense,
596 2656 664 2699 una
682 2636 906 2711 hebdomada·
958 2628 1073 2695 TPIC.
1102 2632 1196 2697 ΚΑΙ.
1226 2644 1369 2710 tautum,
1401 2654 1578 2718 suppresso
1607 2637 1705 2721 plane

141 2737 196 2799 sci
211 2758 280 2799 uno
300 2740 356 2801 die
376 2752 454 2800 ante
470 2738 578 2801 Nisan
594 2740 630 2799 in
646 2756 756 2819 regem
772 2738 898 2799 clectus
956 2729 1075 2812 Assaria
1099 2735 1135 2794 in
1160 2734 1267 2797 numia
1293 2733 1470 2814 Hadriani,
1500 2738 1593 2801 etin
1618 2738 1706 2803 binis

140 2850 174 2899 st
190 2836 550 2923 corfirmatassucris,
580 2840 653 2901 diss
674 2837 761 2915 itte.
778 2837 899 2900 hebdo—
953 2835 1075 2900 eodem
1106 2850 1257 2919 tempore
1286 2836 1393 2916 cusis,
1431 2858 1499 2901 nno
1530 2842 1704 2919 Antonini,

139 2959 233 3017 usas,
256 2940 313 3003 ael
326 2947 449 3005 mensis
464 2962 527 3026 pro
548 2943 680 3023 integra
698 2961 786 3003 anno
803 2960 897 3021 repa·
954 2940 1060 3002 altero
1090 2939 1269 3005 Faustinae
1290 2940 1358 3023 jun.
1397 2942 1498 3024 (Mas.
1521 2943 1631 3026 Caes.)
1665 2948 1705 3007 ln

139 3043 208 3102 tati
218 3039 386 3123 fuerint,
404 3054 438 3104 et
457 3044 634 3115 secundum
655 3043 754 3125 regni
767 3044 823 3105 sai
836 3062 894 3104 an·
953 3040 1218 3107 numoSabinse:
1239 3038 1442 3106 GNNEAK.
1456 3040 1701 3127 proGNNGA.

137 3162 219 3205 num
234 3140 346 3206 Nisam
363 3142 424 3206 illc
440 3144 547 3206 denuo
565 3144 786 3208 inclinaverit.
948 3142 1042 3209 ΚΑΙ.
1081 3140 1312 3208 ΔΕΚΑΤΟΤ.
1348 3144 1504 3229 (Zaiga.)
1554 3149 1721 3212 Numero.

200 3241 344 3327 Augusti
362 3242 404 3307 ad
422 3244 603 3329 imperium.
616 3243 726 3310 crecti
745 3244 786 3308 ab
805 3266 890 3310 auno
947 3244 1088 3329 praeligi
1109 3247 1195 3309 solet
1212 3244 1310 3309 litera
1324 3246 1372 3323 1.‚
1400 3267 1521 3333 nempe
1539 3246 1703 3335 ἆρχαιισα

134 3342 184 3417 A,
209 3344 245 3407 iat
263 3360 313 3409 est
330 3346 458 3432 primo,
482 3360 520 3409 ut
538 3358 808 3427 consentaneum,
832 3348 891 3411 ini·
948 3348 1100 3413 vocabuli
1115 3351 1307 3425 λυιαβαιτος,
1327 3346 1369 3411 ἂι
1383 3349 1475 3431 cajus
1491 3365 1605 3416 natura
1623 3373 1700 3437 age·
1734 3368 1741 3380 ·

135 3444 217 3508 tium
242 3445 382 3515 dnicae.
420 3450 532 3512 Fuere
556 3462 686 3525 tamen,
714 3450 769 3534 qui
789 3450 890 3533 patris
947 3470 1018 3511 mus
1046 3448 1080 3509 ia
1110 3461 1249 3514 tractatu
1271 3449 1314 3511 de
1336 3452 1483 3533 epochis.
1522 3454 1700 3539 singulare

135 3568 240 3613 annos
272 3550 512 3615 continuarent.
549 3550 605 3613 Sic
635 3572 737 3613 annus
767 3550 800 3612 K
827 3550 890 3614 fuit
946 3566 998 3615 est
1020 3552 1053 3613 in
1076 3570 1175 3633 numo
1198 3550 1391 3633 Vespasiani
1412 3556 1569 3637 scriptum
1598 3558 1699 3640 plene

131 3650 182 3717 at.
196 3652 329 3715 Aurelii
347 3668 551 3738 postremus,
571 3650 744 3717 Commodi
764 3652 803 3717 F.
825 3654 889 3737 pri·
943 3648 1289 3719 ΛῬΚΑΒΑΝΤΘΣ.
1311 3651 1545 3721 ΔΕΚΑΤΟΤ.
1577 3659 1701 3722 Nonni-

131 3773 227 3829 ιιιιιι,
260 3766 294 3819 st
315 3755 404 3841 quosl
425 3756 591 3839 sequitur,
621 3754 697 3819 ΚΑ.
720 3754 816 3839 bajus
838 3775 889 3818 se·
947 3755 974 3819 si
991 3756 1050 3818 sub
1066 3756 1254 3824 Domitiano
1268 3755 1406 3839 praefigi
1419 3742 1608 3839 pipmiscue
1623 3781 1700 3826 coe·

131 3854 276 3921 candus.
309 3858 463 3922 Alterum
488 3855 676 3940 exemplam
699 3869 751 3921 est
774 3857 807 3919 in
832 3878 890 3919 nu·
946 3856 994 3941 pit
1011 3858 1064 3921 rel
1083 3859 1122 3920 L.
1143 3858 1199 3923 rel
1216 3852 1387 3921 ΕΤΟΤΣ.
1420 3858 1511 3923 ldcm
1538 3862 1614 3925 anui
1641 3883 1700 3927 no·

130 3958 195 4019 mis
228 3958 436 4039 caracallae,
472 3957 667 4024 continuatis
699 3958 800 4043 patris
830 3960 889 4023 Se·
947 3958 1036 4021 santi
1067 3959 1183 4024 modus
1213 3960 1406 4025 observatus
1443 3976 1494 4025 est
1528 3964 1627 4028 etism
1664 3966 1699 4027 in

42 4120 47 4129 ,
130 4058 206 4124 veri
225 4062 330 4128 aunis.
357 4062 445 4133 Vide
462 4065 633 4146 utriusque
650 4080 778 4125 numos.
809 4062 890 4125 Cae·
946 4060 1174 4125 marmoribus.
1204 4063 1260 4125 Sic
1277 4060 1701 4130 calestraMemnunisvo-

130 4161 264 4225 sar-ibam
288 4162 355 4227 dati
379 4177 455 4229 sunt
474 4165 549 4227 anni
565 4163 789 4248 Augustorum
816 4184 890 4227 suo·
945 4185 1066 4247 casulae
1082 4164 1245 4231 audivisse
1258 4148 1700 4247 profiteaart..'z‘.no1’1a-

129 4284 217 4328 rum.
241 4264 307 4329 'Sic
324 4268 370 4332 Μ.
386 4266 542 4329 Aurelius
564 4267 685 4330 Caesar
706 4265 820 4329 habuit
835 4288 890 4329 au·
947 4266 1055 4331 Not.
1091 4263 1334 4331 KAICAPOC.
1368 4264 1474 4330 Tor.
1510 4266 1697 4335 KTPIOT.

128 4388 192 4430 uos
209 4369 314 4451 patris
328 4366 486 4432 Antonini
499 4366 567 4445 Pii,
589 4388 654 4451 quo
668 4382 798 4432 mortuo
815 4388 891 4433 coc·
946 4390 1035 4431 anna
1058 4370 1146 4433 VII..
1173 4368 1343 4432 Hadriani
1375 4368 1530 4432 Caesaris
1554 4372 1697 4446 domini,

129 4470 178 4553 pit
206 4470 317 4535 notari
345 4474 392 4537 Μ.
410 4470 540 4534 Aurelii
562 4470 702 4553 Augusti
724 4490 826 4533 annus
848 4472 888 4533 A.
945 4486 981 4534 ut
1004 4468 1083 4555 pedi
1107 4470 1254 4535 dextero
1270 4470 1415 4535 famosae
1431 4472 1616 4535 Memnonis
1635 4486 1698 4537 sta·

129 4576 265 4637 Tamen
281 4572 315 4635 in
335 4572 489 4651 Tiberio,
510 4573 609 4638 Aelio
625 4574 782 4651 Caesare,
806 4572 890 4637 Con·
946 4586 1020 4638 tuae
1041 4574 1235 4658 inscriptum
1253 4572 1378 4658 legitur
1399 4570 1446 4659 1ι).

167 4906 200 4973 a)
223 4898 414 4978 Synsg.1ud·
432 4914 510 4968 ol?-
585 4902 622 4979 b)
642 4900 762 4965 Posset
778 4900 875 4963 deser.
897 4902 932 4960 os
945 4912 1013 4963 cast.
1032 4900 1067 4959 Τ.
1078 4900 1100 4961 1.
1117 4897 1179 4959 tab.
1188 4908 1234 4966 58.

1359 4992 1428 5053 Fa

485 5164 509 5199 ἱ
