4292 5467
524 690 530 707 Ι
652 557 878 675 ⁸tencre
914 603 1188 719 nectura.
1442 566 1449 577 ’
1653 622 1712 693 ,η

149 791 253 857 aeque
269 770 303 833 iu
319 769 461 835 intelam
472 769 711 837 Samothracen
726 771 818 855 ejici,
835 791 901 857 quo
956 769 1064 836 machi
1086 774 1193 851 tiliae,
1223 772 1327 849 lilius,
1349 770 1409 839 aed
1430 771 1470 839 ah
1490 772 1630 847 Arainon
1657 773 1701 835 al-

150 874 183 933 in
202 873 429 959 exiliouaque
453 873 494 937 ad
512 874 638 956 tyranni
657 875 825 967 interitum
838 873 902 938 de·
943 887 1046 953 nere,
1081 874 1170 961 quod
1192 877 1284 941 haec
1316 875 1429 939 liberio
1466 876 1616 953 carebat,
1647 876 1701 961 ad5

150 990 240 1039 teuta
268 974 355 1038 lnit‘?
399 976 446 1039 At
473 998 602 1041 caueam
625 978 717 1061 capti
738 975 835 1061 hujua
862 976 901 1039 ti·
957 988 1086 1061 optatae
1110 978 1196 1063 patri
1216 978 1363 1042 auceedit
1384 978 1425 1045 V.
1448 980 1485 1044 C.
1506 982 1581 1057 5⁰7·
1603 979 1642 1042 A.
1661 979 1719 1046 X..-

148 1077 211 1140 tnli
230 1097 307 1142 cum
339 1080 493 1163 cognitus
517 1079 633 1144 ¹fratria
661 1077 835 1145 adreraum
862 1098 899 1144 ee
956 1088 1030 1163 247.
1072 1081 1250 1145 Seleucum
1265 1083 1302 1146 ll.
1317 1082 1434 1165 Syriae
1456 1100 1589 1166 regem,
1613 1082 1701 1166 quod

148 1201 298 1244 sororem
322 1194 358 1244 et
376 1182 553 1265 conjugem
571 1200 685 1261 amor,
714 1194 783 1245 tum
808 1181 899 1244 numi
950 1182 1143 1247 Berenicen
1167 1203 1367 1260 novercam,
1398 1204 1482 1267 qaae
1507 1183 1623 1248 eadem
1644 1204 1701 1248 aua

149 1296 342 1366 praesentes
363 1282 547 1349 liberaliter
558 1284 782 1369 cuppeditant.
816 1286 898 1347 Nam
951 1285 1139 1350 Ptolemaei
1162 1304 1261 1350 aoror
1285 1284 1366 1362 fuit,
1394 1285 1580 1366 interiecit,
1609 1285 1701 1351 hello

148 1404 226 1449 cnm
246 1385 388 1449 Araiuoe
416 1370 740 1450 ‹tuttaosshntot
762 1386 899 1450 titulum
955 1388 1185 1472 persequitur,
1208 1400 1241 1451 et
1267 1389 1433 1471 occupatio
1454 1388 1527 1453 lere
1550 1389 1701 1459 omnibus

147 1486 183 1547 iu
201 1506 320 1551 numoa
341 1507 418 1551 auoa
437 1488 592 1565 arceaait,
614 1508 680 1573 pao
695 1501 805 1553 tamea
822 1491 898 1553 Pto·
949 1488 1027 1572 ejue
1045 1489 1243 1574 proriuciia,
1261 1490 1364 1553 etiam
1390 1504 1479 1554 traua
1498 1491 1701 1575 Euphratem

148 1588 298 1652 lemanna
319 1590 390 1675 ipae
415 1592 449 1653 in
473 1604 604 1655 moneta
627 1611 684 1675 aaa
708 1604 899 1681 constanter
953 1592 1090 1677 poaitia,
1123 1605 1158 1657 et
1193 1612 1326 1656 corraaa
1359 1593 1485 1678 ingenti
1516 1592 1639 1675 praeda
1667 1596 1701 1655 ia

148 1691 325 1771 manauit,
346 1694 423 1757 aetia
438 1706 588 1778 apparet,
609 1692 729 1757 iactum
746 1692 842 1770 iatnd,
864 1706 899 1757 ut
953 1696 1141 1779 Aegyptum
1175 1694 1368 1761 revertitur.
1406 1694 1551 1772 Multo,
1584 1710 1700 1780 gentes

145 1794 257 1881 palam
288 1797 444 1879 jactaret,
475 1794 648 1859 honorilici
683 1796 779 1880 hirjna
812 1796 898 1861 tituli
954 1818 1069 1865 reraua
1095 1796 1303 1879 Aethiopiam
1330 1809 1366 1861 et
1392 1796 1497 1861 airum
1525 1798 1701 1861 Arabicum

146 1911 380 1983 argumentum
405 1918 477 1961 aae
499 1898 648 1982 petitum.
851 1910 854 1925 ⁸
954 1900 1031 1965 aitaa
1050 1892 1268 1982 aihi'auhjicit.
1296 1899 1391 1963 Pacia
1413 1912 1565 1983 tempore
1585 1900 1702 1965 biblio·

212 2000 313 2078 Dixi,
342 2000 377 2063 iu
407 2014 501 2083 parte
521 2022 637 2068 aversa
664 1996 819 2065 exhiberi
841 1996 899 2060 dn·
955 2004 1084 2067 thecam
1104 2001 1167 2065 eibi
1182 2024 1201 2062 a
1219 2014 1312 2083 patre
1331 2001 1482 2067 relictam
1500 2002 1625 2086 magnia
1646 2024 1701 2067 an-

145 2105 226 2187 plex
268 2104 499 2189 cornucopiae.
561 2102 687 2169 Mavult
726 2100 898 2164 Barthele·
954 2125 1035 2191 gere
1066 2103 1307 2168 acooeciauibaa
1336 2104 1466 2186 pergit,
1491 2104 1700 2188 moriturque

145 2230 241 2290 myua
281 2208 435 2292 poculum
468 2206 592 2270 dictum
629 2204 766 2269 Graecia
797 2202 897 2284 paror,
954 2228 1070 2293 magua
1086 2206 1206 2269 aelicta
1227 2205 1367 2267 nomiuia
1391 2205 1496 2289 gloria
1518 2206 1700 2290 propinato,

145 2308 238 2395 quod
273 2323 360 2374 teate
389 2308 562 2373 Athenaeo
585 2309 615 2389 ⁸)
647 2306 762 2369 hahuit
792 2325 897 2369 cornu
948 2305 1236 2386 ailurtiaohdea,
1258 2305 1502 2373 ahliut’eoeno
1520 2308 1700 2379 V·C.533.

144 2412 307 2489 fmmam,
326 2425 360 2475 et
377 2411 464 2495 quod
483 2412 574 2490 juaau
589 2408 773 2475 Ptolemaei
787 2408 896 2471 Phila·
952 2416 993 2477 A.
1011 2413 1050 2473 ll.
1074 2428 1153 2488 aaa,
1173 2430 1254 2475 cnm
1277 2422 1449 2494 regnasset
1467 2428 1568 2476 aunoa
1585 2405 1700 2486 XXV„
1719 2456 1724 2459 -

145 2512 262 2598 delphi
283 2514 442 2577 incertum
462 2512 529 2576 fnit
549 2512 658 2576 manui
679 2510 829 2574 ainiatrae
854 2510 896 2575 ai·
950 2514 1010 2577 aed
1028 2506 1160 2581 xxvn.
1182 2508 1293 2576 eidcui
1315 2512 1427 2575 tribuit
1449 2531 1594 2575 marmor
1612 2500 1701 2577 Adu-

146 2636 291 2700 guornm
310 2618 488 2691 Arainocs,
520 2614 624 2699 magia
646 2612 806 2677 refertum
828 2632 896 2675 om·
953 2617 1110 2692 litonum,
1139 2636 1205 2700 quo
1235 2634 1336 2699 anper
1359 2612 1460 2677 duhio
1488 2612 1563 2679 ride
1588 2628 1705 2681 uotam.

145 2718 196 2780 nia
222 2718 360 2802 generia
381 2718 565 2795 fructibus,
584 2736 681 2802 quom
701 2714 767 2778 duit
791 2734 895 2779 cornu
947 2718 1116 2783 chiahutti
1130 2717 1175 2800 d).

146 2820 341 2885 Amaltheae
362 2819 408 2904 ὓ).
452 2822 496 2904 At
516 2840 599 2885 raro
620 2818 764 2883 caudam
780 2831 896 2913 xtypam
1017 2823 1112 2890 onr
1129 2821 1286 2884 Berenice
1306 2819 1423 2901 flagae
1440 2815 1587 2900 cyreneo
1606 2820 1697 2904 regia

147 2920 307 3004 objiciunt
331 2921 423 2985 numi
443 2922 600 2987 Arsinoeo
621 2921 806 2986 Ptolemaei
821 2920 898 2983 Phi·
952 2936 989 2987 et
1004 2922 1161 2986 hraiaoea
1175 2921 1213 2987 P.
1232 2918 1582 2985 recundumlcetioum
1598 2920 1644 3003 e),
1664 2936 1700 2987 ct
1798 2986 1802 2991 ,

146 3025 339 3107 lopatoroa,
359 3026 542 3089 Berenicae
565 3023 751 3087 Ptolemaei
770 3022 831 3099 X„
862 3034 896 3085 et
952 3024 1127 3109 Polybium
1148 3020 1192 3106 ἱ).
1235 3018 1284 3085 AI
1303 3020 1483 3086 seeundum
1505 3024 1698 3090 Pauaaniam

146 3124 344 3211 Cleopatrae
367 3130 412 3190 Μ.
442 3125 596 3205 Antonii,
622 3124 688 3189 atini
715 3136 754 3188 et
780 3124 895 3187 iu'hia
949 3128 1020 3200 lilia
1045 3128 1187 3210 Apamea
1212 3123 1368 3189 Antiochi
1389 3125 1414 3185 1.
1446 3123 1521 3205 Syri
1544 3122 1632 3191 litiae
1654 3128 1697 3207 a).

146 3226 417 3294 dicamuaefficta
435 3230 527 3313 lora,
544 3227 747 3313 naucopiec
762 3246 895 3292 cornua.
953 3230 1102 3315 Hyginum
1136 3214 1211 3291 eam
1244 3226 1429 3291 Ptolemaei
1471 3238 1507 3294 et
1538 3226 1697 3295 nataae

146 3330 190 3393 Et
207 3328 298 3395 sorte
314 3332 421 3397 houna
440 3331 596 3408 conviva,
626 3328 682 3414 qui
706 3327 792 3392 iatud
810 3328 896 3411 apud
949 3327 1051 3395 filiam
1070 3345 1105 3395 et
1120 3333 1307 3413 Euergetae
1327 3348 1477 3394 acrorem
1494 3330 1638 3413 appellat
1651 3327 1696 3410 ¹¹),

146 3432 354 3499 Athenaeum
377 3433 564 3509 enarravit,
592 3429 779 3497 confuderit
799 3430 895 3513 nigra
952 3452 1027 3495 com
1044 3453 1109 3517 qno
1130 3434 1230 3496 aentit
1249 3452 1380 3515 quoque
1401 3430 1546 3492 Catullua
1562 3430 1595 3489 iu
1618 3449 1698 3511 poe·

138 3534 304 3599 Arainoea
323 3556 399 3601 oum
417 3533 685 3619 aigniaClciuna,
708 3553 791 3618 qaae
811 3537 895 3621 ey'ua·
953 3533 1050 3596 matio
1073 3530 1265 3596 Callimachi
1290 3530 1332 3593 de
1360 3550 1452 3594 coma
1476 3529 1656 3595 Berenices
1670 3552 1695 3596 ‚a

144 3636 222 3699 dem
236 3636 450 3723 Philadelphi
468 3636 588 3713 amica,
610 3634 745 3723 ciquca
768 3639 894 3721 peculia
953 3636 1134 3700 achetimo
1166 3631 1307 3697 reddito.
1359 3633 1404 3695 At
1434 3632 1536 3693 multo
1571 3631 1696 3695 certior
1796 3689 1799 3694 .

141 3739 225 3816 fait,
244 3741 432 3827 multaeque
451 3737 564 3803 hahuit
582 3736 802 3829 Alexandriae
821 3762 894 3806 ere·
952 3737 1045 3822 prior
1066 3736 1227 3801 aenteutia
1257 3753 1332 3798 cnm
1360 3746 1497 3827 propter
1525 3733 1697 3798 aucterita-

143 3856 213 3905 ctaa
232 3856 373 3919 atatam,
397 3861 480 3926 quae
505 3840 540 3901 ia
562 3839 709 3904 nantum
731 3841 894 3906 haherent
950 3854 1018 3903 tem
1035 3841 1181 3904 virorum
1198 3835 1363 3921 gravium,
1386 3854 1469 3920 quea
1492 3836 1605 3912 citari,
1626 3848 1694 3898 tum

143 3944 264 4027 rhyron
274 3960 343 4020 ,τε
359 3942 634 4026 reiertPolyhiaa
649 3942 735 4027 apud
749 3944 892 4010 cundem
945 3940 1112 4021 maxime,
1134 3940 1223 4025 quad
1238 3937 1446 4002 Ptolemaeaa
1456 3935 1693 4020 ¹Philadelphus

141 4046 352 4111 Athenaeum
368 4048 409 4127 ο).
469 4096 474 4105 .
709 4097 714 4107 .
949 4045 1050 4109 liliam
1088 4042 1155 4126 iam
1190 4040 1303 4105 habuit
1339 4039 1458 4105 dictam
1497 4039 1693 4117 Berenicen,

209 4150 294 4213 AV..
318 4150 424 4212 ΗΕΒ.
949 4161 1082 4231 nuptam
1105 4143 1267 4208 Antiocho
1285 4144 1328 4207 11.
1360 4142 1464 4225 Syro,
1493 4161 1601 4227 reque
1622 4141 1692 4203 ullo

948 4264 1043 4335 pacto
1073 4244 1279 4324 verisimile,
1319 4244 1423 4307 laianu,
1450 4241 1534 4306 filiae
1571 4242 1692 4311 eodem

162 4388 471 4457 Frofflmssvs
493 4370 549 4454 111]
588 4384 868 4457 EVERGETES·
944 4352 1050 4417 initae
1083 4347 1242 4429 nomine3
1276 4345 1420 4431 deniqne
1456 4344 1545 4430 quod
1575 4344 1691 4409 eadem

946 4452 1111 4519 Berenice
1131 4472 1173 4515 aa
1194 4452 1361 4533 licergcte
1383 4447 1487 4509 liliam
1511 4446 1623 4509 hahuit
1644 4446 1691 4508 di-

198 4556 419 4669 .Philadelphi
434 4556 634 4621 ethraiueea
650 4554 891 4643 prioria,Lyai·
943 4571 1035 4621 otum
1056 4557 1211 4638 Magum,
1239 4565 1273 4615 at
1301 4549 1387 4614 unde
1418 4547 1527 4623 iatud,
1555 4547 1619 4610 niai
1648 4568 1691 4613 ex

141 4690 1696 4725 --.-..-.--.-.-...--.------—----·--

180 4784 468 4866 ohannem.
568 4788 602 4855 t)
621 4788 653 4847 tt.
669 4788 704 4845 ιι
730 4790 765 4847 Τ.
780 4786 870 4847 xxx.
890 4807 920 4865 p.
936 4796 1000 4851 510.
1102 4783 1263 4861 mpero·
1344 4771 1689 4848 mnunmimprs.

143 4872 350 4946 tilaxxvl.
371 4890 445 4942 ms.
516 4879 548 4950 l)
567 4878 638 4937 lixo.
657 4896 692 4935 ex
712 4878 746 4936 t.
758 4878 824 4939 XV.
896 4878 931 4950 g)
951 4874 1023 4932 nt.
1044 4886 1106 4935 Μ.
1178 4873 1215 4945 h)
1234 4872 1315 4928 Poct.
1333 4879 1441 4924 antron.
1462 4863 1496 4917 L.
1512 4862 1549 4945 ll.
1569 4882 1596 4934 c,
1609 4872 1653 4945 oo.
