4292 5467
441 618 489 691 tt
896 605 1050 682 Nvut
1085 602 1526 682 ALEXANDRINI·

453 824 456 833 ,
503 772 643 855 [Auni
662 775 826 841 auctiores
847 789 923 840 suut
937 775 1017 839 inde
1041 775 1117 841 st..
1139 772 1184 841 K.
1241 772 1420 838 mudriuos
1435 774 1610 840 Commodi
1638 793 1755 839 numos
1780 773 1818 836 is
1849 792 2001 838 ersmen·

441 894 544 960 usque
564 878 605 941 1..
621 874 699 943 ΛΓ.
722 899 798 942 eum
818 878 967 941 omnibus
983 875 1102 941 mediis
1117 876 1185 939 non
1240 876 1369 941 vocarit
1389 877 1430 959 ⁸).
1460 876 1673 961 Argumentis
1690 877 1779 941 teris
1795 876 1987 961 solidisque,

441 998 642 1062 magnopere
672 982 775 1057 raris,
810 999 951 1065 quorum
975 998 1090 1043 omues
1112 990 1187 1041 sunt
1244 976 1361 1061 quibus
1388 976 1541 1042 adsersus
1567 991 1686 1061 partes
1712 978 1919 1063 prostravit,
1942 996 1989 1039 ne

271 1057 276 1067 ⁴
314 1096 315 1104 ¹
442 1079 605 1144 inmuseo
620 1082 801 1157 Caesareo,
821 1079 962 1165 demptis
976 1081 1017 1147 L.
1033 1074 1113 1145 ΛΓ.
1130 1079 1187 1163 qui
1241 1078 1376 1163 lougius
1396 1080 1482 1156 sim,
1510 1079 1805 1155 commemorandis
1825 1078 1988 1144 sbstiueo.

416 1171 420 1181 ’
440 1181 617 1259 rarissimi,
647 1196 681 1245 et
704 1200 842 1267 quorum
866 1182 937 1245 bini
956 1192 1080 1245 tentum
1105 1180 1187 1242 mibi
1244 1179 1343 1243 Suam
1367 1178 1521 1244 continuo
1546 1181 1740 1245 senteutiam
1757 1180 1910 1265 expedit,
1933 1199 1990 1245 cu·

442 1282 587 1365 cogniti,
607 1284 692 1347 ulter
717 1302 760 1347 ex
779 1302 895 1347 museo
912 1282 1072 1367 Arigoui,
1101 1282 1187 1347 alter
1241 1282 1294 1366 jus
1317 1302 1442 1345 summe
1466 1293 1536 1347 est:
1564 1282 1775 1347 consuevisse
1795 1280 1989 1367 Aegyptios,

443 1404 486 1449 ex
501 1403 615 1447 museo
629 1382 767 1451 Grsrier
780 1384 1050 1468 iudioeBelleyo.
1073 1384 1186 1447 Alium
1242 1403 1318 1447 cum
1336 1384 1517 1465 imperetur
1537 1383 1781 1467 aliquisfilium
1802 1383 1839 1446 in
1855 1382 1991 1469 imperii

441 1486 698 1553 Pellerisiauum
725 1486 845 1551 eodem
872 1485 976 1557 modo,
992 1485 1185 1569 inscriptum
1242 1497 1278 1548 et
1297 1482 1460 1567 Augustei
1482 1484 1624 1547 neminis
1646 1485 1910 1551 communionem
1931 1502 1990 1553 rc·

369 1580 371 1587 ’
440 1600 579 1654 testetur
600 1588 721 1671 Zoigs.
772 1588 853 1651 Cum
883 1608 926 1653 ex
952 1586 1116 1651 historicis
1148 1588 1187 1649 li·
1242 1586 1352 1663 cavit,
1398 1598 1529 1649 mortuo
1566 1585 1704 1651 subinde
1737 1600 1832 1673 patre
1865 1606 1991 1672 nequa·

441 1688 542 1775 quido
564 1701 712 1768 constet,
734 1688 907 1753 Commodi
928 1687 1104 1772 imperium
1129 1709 1187 1753 ue·
1242 1707 1338 1773 quum
1367 1705 1486 1752 noram
1512 1687 1549 1749 iu
1577 1687 1649 1751 filio
1675 1710 1835 1753 susorum
1863 1692 1990 1753 seriem

441 1811 602 1877 qusquam
633 1789 668 1851 iu
706 1811 824 1853 sunum
859 1790 916 1866 K,
961 1789 1083 1853 nedum
1120 1784 1187 1851 ΛΓ
1243 1787 1424 1865 iueberre,
1453 1787 1514 1851 sed
1534 1803 1671 1872 coeptos
1690 1789 1729 1853 iu
1754 1805 1848 1874 patre
1875 1810 1990 1865 annos,

439 1904 653 1976 porrectum,
683 1891 776 1974 enjus
806 1905 1004 1976 postremam
1031 1890 1108 1955 trib.
1129 1909 1189 1975 po·
1244 1902 1396 1975 uuquam
1423 1910 1522 1953 mum
1546 1903 1636 1953 esset
1664 1890 1859 1975 imperium,
1887 1892 1992 1957 couti·

440 2006 595 2058 testatem
629 2004 694 2055 tsm
733 1994 848 2071 numi,
890 1974 1003 2077 quam‘
1023 2012 1187 2057 marmore
1243 2012 1359 2057 unare.
1399 1990 1480 2072 Ejus
1500 1992 1643 2074 primum
1664 1992 1853 2075 exemplum
1877 1991 1991 2056 dutum

301 2134 305 2149 ·
426 2106 626 2171 ¹memorent
648 2093 792 2171 xvm„
830 2093 950 2158 mirum
978 2095 1052 2180 jure
1082 2092 1186 2159 sirum
1242 2092 1346 2156 inisse
1366 2092 1401 2152 iu
1418 2093 1626 2172 Commodo,
1652 2097 1896 2179 repetitumque
1914 2094 1991 2159 sub·

440 2194 648 2283 antiquariis,
667 2194 701 2257 in
723 2195 803 2259 solis
818 2195 1188 2281 Aegypti'uumisCom·
1242 2193 1321 2263 inde
1355 2194 1390 2255 in
1422 2194 1613 2271 Caracalla,
1649 2194 1823 2274 Gallieno,
1856 2195 1991 2271 Carino,

439 2296 531 2361 modi
557 2296 732 2379 imperium
766 2297 800 2359 iu
827 2297 915 2361 huuc
944 2318 1102 2361 sanorum
1128 2319 1188 2361 nu·
1242 2293 1452 2359 Numeriano.
1495 2296 1612 2381 Neque
1640 2316 1768 2360 morem
1796 2297 1884 2362 hune
1909 2298 1992 2361 Ale·

439 2419 569 2462 merum
606 2397 746 2467 dilaturi.
796 2398 989 2483 Prodigium
1025 2398 1114 2462 istud
1149 2409 1187 2461 ut
1242 2396 1398 2467 xuudmee
1416 2396 1496 2459 solis
1514 2397 1703 2460 monetariis
1721 2397 1894 2481 placitum,
1912 2419 1991 2461 naut
2052 2397 2055 2414 '
2086 2468 2090 2473 ,
2132 2397 2133 2446 3

437 2499 736 2583 interpretarentur
779 2498 921 2576 eruditi,
957 2512 1188 2585 procurarent·
1242 2511 1279 2563 et
1302 2497 1475 2563 Theonem
1508 2498 1767 2568 Alexandrinum
1794 2500 1829 2561 iu
1861 2518 1991 2567 canone
2027 2572 2033 2579 ‚

440 2620 520 2687 que,
540 2620 653 2663 omues
670 2598 861 2684 discipliuae
877 2602 1187 2667 suseortes‘incon·
1242 2600 1463 2665 estrouomico
1479 2594 1607 2663 Aurelii
1629 2613 1663 2662 et
1684 2600 1859 2665 Commodi
1886 2602 1993 2686 impe·
2132 2591 2133 2626 ³

439 2702 549 2767 silium
568 2698 759 2767 adhibuere.
801 2704 929 2771 Horum
947 2724 1031 2765 unus
1050 2704 1187 2767 Toinar·
1241 2700 1329 2765 rium
1356 2699 1529 2783 junxisse,
1556 2720 1630 2767 cum
1658 2704 1789 2788 utrique
1825 2700 1992 2769 mibueret

440 2804 501 2867 dus
524 2803 651 2882 sanxit,
680 2803 732 2867 bis
760 2803 852 2868 annis
877 2824 945 2867 nou
969 2804 1108 2869 iudicari
1131 2826 1187 2869 an·
1241 2824 1343 2869 runos
1369 2803 1504 2871 xxxtt.
1539 2800 1656 2883 Morus
1682 2827 1733 2875 sor
1772 2798 1904 2889 Kopods
1938 2808 1992 2882 λβ,

438 2926 500 2969 uos
530 2904 662 2989 imperii
693 2904 889 2982 Commodi,
927 2908 986 2967 sed
1011 2906 1097 2970 vitae
1123 2906 1212 2977 sibi¹
1241 2917 1311 2975 tum
1341 2917 1376 2969 et
1410 2904 1444 2967 8.
1470 2904 1703 2983 Clementem,
1735 2906 1824 2970 bunc
1857 2910 2008 2990 quoque‘

440 3007 667 3073 succedentes.
718 3004 880 3069 Harduiui
915 3007 1077 3069 sententis
1113 3007 1185 3084 luit,
1236 3006 1520 3083 Alexandrinum,
1540 3006 1735 3089 scripsisse:
1753 3006 1991 3081 Assorinorum

440 3108 645 3174 coustitutum
672 3107 707 3169 in
729 3108 880 3191 Aegypto
908 3126 1017 3171 seram
1034 3108 1186 3172 Aurelio-
1240 3102 1405 3190 Koppodoe
1422 3104 1477 3184 iro
1497 3111 1547 3181 λβ.
1588 3109 1682 3171 Haec
1699 3100 1857 3190 Belieyus
1880 3118 1915 3170 et
1935 3104 1990 3169 bis

438 3232 534 3288 rum,
555 3208 647 3291 eujus
668 3208 795 3271 initium
822 3208 1000 3272 duceretur
1021 3208 1062 3272 eb
1088 3204 1185 3288 suno,
1241 3208 1350 3294 pluro.
1392 3209 1437 3270 Et
1465 3229 1543 3273 sane
1573 3208 1780 3273 continuatos
1809 3208 1871 3271 sub
1891 3206 1992 3273 Com·

439 3314 570 3398 quotu.
585 3309 741 3375 Aurelius
761 3310 934 3394 imperium
961 3310 1081 3389 sdirit,
1108 3332 1186 3375 con·
1241 3308 1341 3375 modo
1362 3310 1464 3393 petris
1484 3308 1614 3375 Aurelii
1633 3310 1851 3373 sunus-nullo
1879 3320 1992 3394 potest

439 3416 595 3477 tinuatsm
610 3426 727 3499 postes
742 3413 778 3475 in
792 3411 861 3477 iilic
874 3412 1073 3491 Commodo,
1093 3414 1186 3495 cujas
1240 3422 1337 3496 pecto
1362 3412 1398 3472 iu
1416 3409 1551 3474 dubium
1574 3410 1710 3488 vocari,
1738 3422 1773 3474 et
1789 3412 1820 3475 si
1836 3410 1912 3495 quis
1932 3408 1993 3473 da·

439 3515 524 3579 odeo
555 3534 653 3581 serae
682 3534 785 3579 sunus
811 3514 843 3576 A
868 3526 957 3577 esset
984 3513 1109 3598 primus
1131 3512 1187 3579 Μ.
1242 3512 1347 3578 bitere
1377 3513 1491 3589 solet,
1526 3512 1555 3575 is
1585 3510 1786 3595 disgrumms
1814 3512 1993 3577 euronotu-

439 3616 591 3693 Aurelii,
622 3628 657 3679 et
677 3636 778 3679 sunus
796 3615 831 3676 K
855 3614 979 3698 primus
1002 3614 1186 3681 Commodi.
1243 3614 1388 3699 gieum,
1401 3612 1490 3698 quod
1513 3608 1807 3695 infrububjiciam,
1831 3613 1992 3691 consulut,

330 3801 332 3810 .
439 3719 528 3781 Baro
547 3714 720 3782 Bimardus
742 3714 784 3778 ad
805 3735 922 3780 noram
952 3715 1050 3789 etism
1077 3736 1186 3781 seram
1242 3734 1311 3801 quo
1344 3714 1489 3798 putebit,
1516 3734 1618 3777 unnos
1650 3713 1685 3782 iu
1718 3712 1769 3776 bis
1799 3714 1909 3779 nuruis
1944 3716 1994 3779 sic

441 3818 584 3883 animum
614 3815 769 3899 applicuit
794 3814 923 3879 ductum
952 3815 993 3879 ab
1022 3836 1063 3878 eo
1089 3838 1185 3895 anno,
1243 3837 1319 3883 esse
1348 3816 1514 3900 digestos,
1549 3828 1587 3878 ut
1612 3827 1739 3878 tuntum
1764 3814 1802 3877 in
1828 3816 1898 3903 hac
1919 3836 1995 3880 sen·

443 3939 509 4005 quo
527 3918 668 4001 primum
686 3914 775 3980 orbis
799 3914 881 3980 duos
903 3915 1001 3979 simul
1018 3917 1185 4000 Augustos
1241 3918 1343 3981 tentia
1373 3938 1449 3982 cum
1480 3915 1685 4001 temporibus
1715 3928 1751 3979 et
1778 3915 1875 3981 iactis
1896 3918 1995 3982 Com·

441 4020 550 4098 vidit,
577 4017 748 4081 Aurelium
772 4030 807 4080 et
826 4016 961 4085 Verum.
1003 4017 1185 4085 Praetereo
1241 4019 1332 4083 modi
1344 4019 1471 4105 possint
1488 4018 1679 4084 convenire.
1720 4016 1814 4083 Idem
1824 4018 1931 4082 >etissu
1947 4018 1996 4081 di·

443 4122 620 4186 sententies
634 4118 732 4198 elios,
754 4137 837 4201 quae
857 4138 971 4205 porum
988 4120 1186 4203 aprioribus
1241 4121 1385 4185 cendum
1418 4120 1462 4186 de
1492 4120 1585 4185 annis
1613 4118 1827 4198 caracallae,
1866 4134 1901 4185 st
1927 4140 1996 4186 nou

444 4220 639 4305 diserepsnt.
1175 4272 1179 4280 .
1241 4243 1347 4308 seque
1363 4240 1501 4285 resume
1524 4221 1566 4285 sd
1581 4220 1721 4285 eandem
1743 4222 1858 4305 legem
1879 4242 1999 4287 recur-

505 4324 599 4387 Hsee
631 4322 777 4390 virorum
802 4320 1034 4404 praestantium
1066 4322 1187 4407 judicia
1241 4346 1321 4390 rere
1336 4322 1377 4387 sd
1391 4322 1604 4407 explicandos
1618 4343 1721 4386 runos
1736 4322 1901 4401 Gellieui,
1924 4339 1996 4387 tum

445 4422 601 4500 erudite,
630 4438 667 4488 nt
698 4430 855 4505 semper,
883 4422 1086 4507 impugnavit
1109 4428 1186 4490 Bel·
1240 4424 1433 4495 Numeriani
1452 4438 1487 4487 et
1504 4423 1633 4501 Carini,
1660 4437 1698 4486 ut
1721 4424 1756 4484 in
1779 4423 1920 4509 singulis
1940 4448 1998 4510 pe·

443 4524 536 4605 leyus
574 4522 608 4585 in
642 4522 812 4607 praeclare
851 4541 909 4588 sua
946 4524 1185 4605 dissertatione,
1241 4526 1355 4595 tebit..

444 4646 505 4711 qua
531 4636 669 4709 propter
691 4622 774 4687 boue
799 4622 935 4688 eandem
958 4644 1086 4689 cauum
1109 4628 1186 4693 Ale-
1304 4630 1348 4694 ΙΙ.
1374 4626 1514 4692 Praeter
1535 4624 1732 4710 grsudiores
1754 4625 1817 4691 hos
1836 4648 1999 4695 numeros

481 4826 513 4917 a)
532 4826 565 4886 e.
581 4825 617 4885 u.
643 4798 878 4889 uxxtjuem.
903 4834 1008 4907 pros.
