4292 5467
480 645 554 716 200
1118 621 1324 702 CAPVT
1353 623 1380 695 l.

488 821 572 862 unus
601 817 686 862 anuo
724 817 845 862 nomen
881 793 986 860 dabat.
1032 795 1083 857 De
1115 813 1232 857 eorum
1286 795 1396 878 eregii
1412 805 1518 883 remp:
1531 793 1655 864 hacsi.
1677 795 1716 862 in
1732 795 1771 860 11.
1794 803 1879 874 ci,
1901 807 1934 860 et
1949 793 2025 858 alios

487 903 604 968 muniis
633 914 667 964 et
695 901 781 965 vasis
810 911 972 984 potestate
1004 897 1078 964 vide
1103 897 1230 962 Nicolai
1286 898 1417 982 passim.

1202 1247 1234 1339 ι.
1255 1251 1314 1318 1v.
1389 1241 1390 1246 '

913 1441 1009 1512 DE
1069 1437 1609 1517 PRY'I'ANIBVS.

486 1671 632 1783 Peuma
666 1715 764 1779 nrbes
802 1715 1022 1798 magistratum
1058 1716 1238 1798 Prytanern·
1289 1711 1367 1790 bus,
1388 1726 1502 1796 pestes
1518 1712 1715 1778 contractius
1735 1714 1770 1779 iu
1790 1730 2029 1798 magnoopers

487 1821 595 1884 sumis
623 1819 688 1881 sois
710 1819 921 1906 inscripsere.
965 1817 1077 1882 Habes
1104 1817 1159 1882 hic
1182 1837 1234 1880 ea·
1291 1815 1333 1878 de
1349 1815 1544 1899 praestantia
1558 1834 1731 1880 numerum
1746 1816 1789 1900 b).
1817 1819 1947 1880 Horum
1964 1833 2031 1898 past·

488 1940 562 1984 rum
584 1921 786 2005 catalogum
1270 1918 1349 1980 -tim
1373 1938 1451 1980 usus
1478 1937 1578 2002 opera
1602 1917 1805 2004 magistratus
1828 1917 1926 2002 hujus
1947 1927 2031 1978 astu·

1290 2019 1488 2103 campaneis
1510 2039 1682 2103 exponam.

852 2123 873 2166 *
956 2170 978 2210 g
1124 2131 1126 2140 ’
1353 2123 1514 2204 Prytaneo
1528 2121 1671 2184 Athenis·
1689 2133 1785 2206 atquc
1804 2119 1882 2185 alibi
1904 2119 2032 2184 concilii

1291 2223 1416 2307 publici
1434 2243 1493 2287 seu
1509 2228 1616 2302 βιλης,
1635 2235 1788 2300 senatus,
1804 2235 1931 2306 partem
1944 2241 2032 2305 prae·
2108 2285 2117 2314 a

508 2330 516 2342 '
576 2329 721 2410 Apamea
765 2325 957 2411 Phrygises
1010 2321 1239 2390 ΑΠΟΛΛΩ-
1292 2327 1419 2409 eipusm
1441 2322 1700 2402 constituebant,
1723 2337 1941 2410 poterantque
1962 2344 2035 2387 con·
2115 2317 2117 2396 ᾗ

493 2425 617 2492 ΝΙΟΤ.
631 2423 773 2493 ΠΡΤΤ.
791 2429 823 2489 in
836 2428 1046 2513 cistophoris,
1061 2450 1142 2512 quoa
1154 2427 1236 2491 vide
1293 2447 1412 2491 vocare
1435 2439 1581 2489 senatum
1604 2445 1642 2488 ac
1663 2426 1840 2510 populum,
1872 2437 1907 2489 et
1937 2441 2032 2507 agere

577 2530 678 2610 Cyme
709 2526 878 2592 Aeolidis:
909 2525 1005 2596 AIA.
1046 2526 1236 2594 GPMIAC.
1294 2529 1336 2592 sle
1378 2527 1478 2592 rebus
1517 2529 1602 2610 reip.
1640 2524 1762 2590 bonnus
1806 2527 2033 2611 spectantibus.

496 2623 638 2695 ΠΡΤΤ.
1293 2629 1390 2699 Vnde
1421 2628 1507 2714 apud
1536 2627 1763 2710 Thucydidem
1786 2633 1815 2713 a)
1843 2631 1955 2694 Nicias
1985 2629 2036 2690 de·

497 2731 739 2814 Pergamus
755 2691 897 2815 lipsiae·
920 2727 998 2795 Ml.
1014 2731 1070 2796 sel
1089 2727 1164 2793 ΑΣ.
1183 2729 1239 2794 vel
1296 2733 1428 2796 stinstus
1464 2729 1505 2794 ah
1533 2729 1835 2793 Atheniensibus
1824 2753 1859 2793 ιιι
1893 2731 2036 2794 Siciliam

488 2827 568 2896 ΕΤ.
596 2847 660 2896 etc.
684 2833 794 2896 addito
818 2829 959 2898 nPT'r.
987 2835 1041 2898 vel
1066 2829 1238 2898 ΠΡΤΤΑ.
1296 2834 1363 2898 siux
1383 2834 1435 2896 his
1455 2831 1566 2898 verbis
1594 2832 1744 2914 prytanin
1774 2831 1844 2914 ejus
1873 2833 2037 2898 concionis

495 2933 530 2994 in
546 2933 758 3017 cistophoris,
781 2955 863 3018 quos
879 2935 963 2998 ride.
1296 2935 1480 3022 praesidem
1500 2935 1660 3018 appellat.
1683 2949 1720 2997 tu
1736 2955 1831 3012 vero,
1853 2955 1873 2996 o
1891 2940 2039 3019 portani,

581 3035 719 3118 Smyrna
756 3037 887 3099 ioniae:
925 3029 1240 3100 ΣΜΤΡΝΑῙΩΝ.
1296 3039 1457 3118 siquidem
1478 3041 1522 3098 nd
1544 3040 1756 3120 sepertinere
1772 3027 1954 3100 existimus
1968 3057 2041 3099 con·

496 3129 792 3200 ΠΡΤΤΑΝΕΙΣ.
814 3136 936 3221 absque
959 3136 1108 3211 nomine,
1130 3135 1164 3196 in
1188 3157 1242 3198 au·
1297 3142 1407 3204 rulers
1428 3139 1583 3215 civitati,
1605 3149 1640 3200 et
1658 3140 1744 3199 civis
1763 3137 1869 3200 bonus
1888 3158 1963 3200 esse
1983 3140 2043 3210 sis,

496 3257 557 3301 reo
575 3251 765 3314 autonomo,
783 3236 825 3300 ‹ic
840 3258 906 3322 quo
919 3236 993 3303 side
1006 3259 1123 3302 numos
1134 3237 1243 3322 Smyr*-
1298 3241 1446 3302 calculus
1474 3240 1623 3320 adpone,
1651 3249 1685 3300 et
1712 3238 1833 3302 iterum
1857 3237 2045 3302 Athenien·

496 3359 569 3404 nse.
1297 3362 1351 3404 ses
1371 3343 1570 3404 sententium
1599 3359 1704 3422 rogo,
1731 3353 1892 3422 reputans
1921 3343 2044 3414 απὶιιιι,

556 3437 705 3529 Synnada
714 3439 894 3522 Pbrygiaet
911 3437 1002 3502 ent
1015 3434 1123 3503 ΠΡΤ.
1133 3435 1244 3502 Kno-
1297 3444 1330 3506 si
1344 3460 1412 3504 rem
1430 3461 1584 3504 revocure
1605 3443 1650 3504 od
1668 3441 1853 3526 suffugio,
1872 3449 1907 3504 et
1926 3443 2046 3502 rescin-

498 3540 527 3604 Γ
532 3541 588 3604 te
616 3538 852 3606 ΑΤΤΛΛΟΤ.
882 3541 934 3607 sel
958 3541 1113 3625 parcius·
1149 3539 1242 3605 e111.
1300 3543 1376 3606 dere
1409 3542 1621 3622 plebiscitum
1658 3544 1878 3626 resornsidos,
1915 3543 2026 3605 stes·
2011 3561 2047 3602 ιιι
2112 3615 2113 3618 ¹

498 3638 546 3706 Π.
571 3638 810 3707 ΑΤΤΑΛΟΤ.
1300 3656 1398 3706 tosto
1420 3647 1554 3706 testium
1565 3642 1763 3724 frequentia
1784 3645 1852 3706 rens
1871 3646 1980 3706 istam
1997 3663 2049 3704 ne-
2112 3647 2113 3696 l

569 3743 656 3805 nodi
694 3757 807 3827 posset
843 3763 987 3804 numus.
1025 3735 1102 3806 ΕΠ.
1135 3737 1241 3805 ΑΡΧ.
1301 3763 1465 3825 quoquam
1486 3749 1623 3806 crimini
1642 3747 1794 3807 datum
1779 3749 1845 3820 ιη’,
1867 3747 1932 3808 sesi
1951 3756 1986 3806 te
2006 3745 2050 3804 ei·
2112 3739 2113 3790 l

496 3837 757 3906 ΠΡΤΤΑΝΕΙ.
773 3839 1056 3907 ΕΠΙΚΡΑΤΟΤ.
1068 3841 1108 3908 Β.
1124 3835 1245 3904 ΕΓΙΑ·
1301 3848 1437 3922 vitetis,
1462 3863 1546 3922 quoe
1568 3845 1692 3910 mulum
1715 3847 1893 3908 consilium
1913 3847 2051 3924 ceperit,
2112 3795 2113 3885 i

498 3941 653 4006 ΛΕΩΝ.
683 3943 747 4005 nisi
771 3943 914 4026 suspicio
939 3946 1058 4018 ιοθιιις
1084 3942 1244 4018 subesset,
1301 3947 1463 4009 medicum
1483 3945 1565 4027 sore
1593 3959 1655 4008 etc.
1707 3945 1760 4007 En
1797 3945 1943 4030 amplam
1974 3964 2051 4010 sane

463 4083 468 4091 ·
500 4058 537 4107 ut
561 4045 672 4110 monui
694 4044 736 4109 sd
758 4045 930 4130 Aeginium
954 4045 1096 4111 Achaiae
1111 4046 1187 4117 Vol.
1204 4047 1243 4108 11.
1300 4057 1470 4131 prytsnsm
1488 4044 1522 4106 in
1536 4045 1679 4110 oonsilio
1695 4046 1827 4131 publico
1850 4061 2052 4133 potestatem

501 4169 533 4231 p.
551 4147 624 4224 aas.
1300 4162 1397 4234 atque
1414 4146 1653 4214 auctoritatem.
1683 4148 1752 4212 Setl
1767 4147 1808 4212 sie
1825 4151 2051 4235 prytaniarnnt
2111 4143 2112 4166 ¹

757 4311 778 4350 ὓ
859 4263 879 4303 ιι
963 4311 984 4350 ὓ
1297 4248 1385 4332 apud
1400 4247 1619 4311 Athenienses
1636 4261 1722 4314 statu
1739 4249 1817 4340 lege
1833 4252 1975 4335 copiose
1993 4251 2055 4314 ‹tis-

1301 4363 1451 4414 serentes
1466 4349 1651 4414 Corsinium
1667 4351 1702 4412 in
1716 4353 1830 4415 Fastis
1844 4356 2004 4430 Atticis,
2024 4367 2057 4415 et

584 4449 636 4514 De
660 4449 851 4533 prytanibus
879 4449 1033 4515 adcurate
1055 4464 1090 4514 ot
1112 4451 1244 4533 copiose
1300 4451 2056 4536 BisgiuminsuodedecretisAthenienss'em
2110 4435 2111 4473 ἢ

502 4549 665 4630 scripsere
687 4551 847 4615 Antonius
871 4573 933 4615 vsu
953 4553 1037 4617 Dale
1062 4555 1114 4634 ⁸),
1145 4553 1245 4637 span·
1302 4573 1418 4638 opere.
1460 4553 1625 4637 Prytaneo
1647 4555 1693 4616 in·
1708 4555 1819 4617 multis
1848 4547 1926 4619 altis'
1955 4555 2061 4620 Grae·

504 4651 630 4759 bemiup
653 4650 687 4712 in
707 4651 844 4717 diatriba
869 4653 912 4718 de
928 4655 1029 4723 Vesta
1050 4668 1086 4719 et
1105 4655 1246 4739 prytani-
1303 4655 1372 4720 ciac
1387 4653 1522 4720 urbibus
1538 4653 1651 4732 luere,
1673 4677 1752 4742 quus
1766 4659 2061 4744 enumerstSpan·
2109 4699 2110 4765 ,

542 4856 854 4930 a)1>·s‚·ssn.v.a.2.
928 4859 1187 4938 enipius.
1259 4865 1412 4938 s)1..v1.
1432 4889 1457 4926 c.
1477 4877 1518 4932 14.
