4292 5467
619 538 625 549 ’
752 594 1103 719 cinnamon
1633 541 1703 686 ιιι

152 762 673 850 ιιιιιΡιιΙοιιιιιοΡΙιίιιᾶιιριιι,
694 778 790 849 eaput
808 784 901 833 erer-
955 765 1071 831 eadem
1090 766 1209 835 haheat
1224 769 1439 848 lineamenta,
1469 790 1553 857 qaae
1574 784 1650 833 anat
1666 772 1700 833 ia

153 886 207 931 tae
229 867 300 949 ejna
315 866 413 929 exori
427 868 586 945 harinae,
609 866 819 955 dicamusque
840 886 903 933 eoa·
953 867 1044 933 dieto
1058 874 1174 955 Magne
1192 891 1312 950 numo,
1334 894 1408 937 eom
1425 873 1525 936 etiam
1540 872 1629 936 inter
1642 889 1701 935 ιιι·

152 988 269 1033 omnea
298 968 332 1031 in
361 971 540 1053 Cyrenaica
569 992 587 1034 a
617 968 714 1055 Maga
746 972 898 1057 signator,
955 992 1027 1036 moa
1050 972 1202 1037 reieroa
1226 977 1321 1060 Maga
1337 974 1547 1061 Philadelphi
1567 975 1699 1039 nomina

150 1072 276 1135 ineerta
302 1090 384 1137 rere
410 1072 619 1155 Philadelphi
651 1085 687 1136 et
711 1075 823 1137 uxoria
849 1094 900 1139 ea·
955 1074 990 1137 in
1007 1070 1185 1158 Cyrenaica
1205 1076 1380 1162 aignateas

150 1172 240 1257 pita,
261 1173 351 1257 qood
372 1194 433 1259 pro
453 1174 671 1258 Philadelpho
692 1175 902 1257 Cyrenaicum
1321 1241 1342 1282 ·

150 1274 458 1352 administraverat,
487 1290 584 1359 atque
605 1278 672 1340 etsi·
688 1276 826 1343 aubinde
847 1277 903 1342 de·
1217 1288 1238 1327 θ
1422 1292 1444 1331 ¹

149 1376 257 1457 feeit,
286 1379 443 1463 regiaque
484 1399 605 1442 nomen
633 1380 738 1461 palam
769 1401 902 1463 neurpa·
1020 1374 1093 1444 ΒΑ.
1115 1379 1230 1460 Equus
1251 1398 1395 1448 currem.
1434 1376 1566 1444 tMA.
1598 1383 1703 1445 Aries

150 1480 218 1558 rit,
248 1493 285 1543 nt
304 1480 357 1546 rel
378 1496 533 1564 praetera
554 1500 671 1543 namna
691 1480 806 1559 docet,
828 1480 902 1544 lieri
957 1480 1114 1564 Libycas.
1136 1477 1702 1566 aE.111.(Patteria1toiap.aaa.)
1793 1544 1797 1557 ‚

150 1594 262 1646 umen
286 1595 436 1665 poterat,
467 1595 503 1645 nt
529 1602 565 1645 ae
587 1604 651 1645 nna
676 1602 809 1667 regem,
838 1602 902 1645 nna
1020 1581 1139 1645 Eidem
1158 1584 1274 1667 Magne
1295 1583 1383 1648 hene
1404 1602 1538 1647 nemum
1557 1583 1704 1648 tribuen-
1826 1650 1830 1658 ,

149 1682 191 1747 ab
219 1683 365 1768 Aegypti
391 1684 526 1769 regibna
550 1683 698 1768 pendere
730 1682 903 1767 prolitare·
958 1682 1035 1747 dnm
1059 1698 1139 1769 pete
1162 1705 1229 1747 nen
1249 1685 1349 1747 modo
1370 1698 1508 1769 prepter
1528 1684 1703 1750 roeahulo·

149 1800 226 1863 tar,
249 1785 371 1849 eodem
394 1786 510 1864 mede,
540 1806 605 1870 qao
629 1787 796 1871 Eragoraa
822 1785 901 1849 olim
956 1806 1030 1850 rem
1044 1788 1153 1864 initia,
1170 1785 1230 1850 aed
1246 1800 1281 1850 et
1296 1799 1435 1870 propter
1451 1786 1589 1851 arietem
1604 1786 1703 1869 Liby·

151 1887 295 1971 Cypriae
313 1889 494 1971 parituram
512 1908 548 1951 ae
564 1888 739 1951 Artaxerxi
754 1890 902 1951 Mnemo·
957 1906 1031 1954 enm
1060 1888 1257 1972 Cyrenaicae
1282 1887 1475 1973 propriam,
1507 1903 1541 1953 nt
1568 1910 1645 1955 mox
1668 1890 1704 1957 ia
1756 1873 1763 1881 ’

149 1990 185 2052 ni
206 1990 313 2069 dixit,
345 1989 405 2054 aad
430 2004 466 2055 ut
486 2009 603 2075 regem
624 1990 708 2075 regi.
752 1992 797 2053 Et
820 2011 901 2059 vero
960 1989 1300 2079 epianavidahtmaa.

150 2112 289 2169 ennaea,
320 2091 363 2157 de
390 2094 507 2178 quibua
537 2115 619 2178 ago,
649 2113 716 2156 non
738 2092 838 2156 iniere
861 2094 904 2157 ei·
1026 2092 1105 2157 ΛΕ.
1130 2092 1205 2157 th.

153 2209 272 2280 gnatoa
288 2194 323 2257 in
339 2195 510 2280 Aegypto,
529 2198 594 2260 etei
611 2194 812 2283 epigraphen
827 2192 903 2257 ΒΑ·

152 2290 361 2361 ΣΙΛΕΩΣ.
398 2284 730 2361 ΠΤΟΛΕΜΑΙΟΤ.
774 2296 904 2380 praele-

151 2411 245 2476 rant,
277 2397 357 2461 inde
391 2398 489 2462 facile
520 2411 627 2483 patet,
649 2397 738 2483 qnod
773 2397 904 2462 neaniai
1081 2396 1454 2465 proterendis
1486 2400 1584 2483 vulga

151 2514 323 2583 pontrema
350 2500 617 2565 Ptolemaeorum
651 2514 761 2564 aetate
795 2504 903 2566 onmia

152 2604 267 2667 aeneia
296 2602 332 2664 in
355 2603 507 2689 Aegypto
530 2603 614 2666 ouria
636 2622 753 2686 regam
768 2605 905 2691 regina·
1218 2604 1249 2663 Δ
1269 2601 1297 2662 P
1316 2602 1332 2662 l
1354 2598 1386 2663 Ο
1408 2600 1450 2668 Ν.

153 2724 296 2790 remque
323 2706 427 2788 oepita
444 2704 642 2783 sentillam,
664 2705 715 2768 hia
734 2706 852 2771 aureae
869 2718 905 2770 et
1248 2724 1254 2731 ·
1482 2694 1486 2702 ¹

153 2822 335 2891 argenteae
352 2820 502 2869 monetae
522 2806 710 2873 reservatis.
752 2810 845 2893 Ergo
863 2810 906 2870 ai·
962 2832 967 2837 ·
1035 2807 1167 2868 llorteo
1192 2807 1288 2889 Maga
1312 2802 1495 2887 Cyrenaica·
1520 2824 1582 2888 per
1603 2802 1702 2868 liliam

154 2912 245 2989 gnati
266 2922 343 2970 aaut
364 2908 396 2969 in
419 2908 612 2990 Cyrenaica,
635 2924 814 2993 praeeunte
839 2910 903 2975 hoo
959 2906 1145 2971 Berenicen
1157 2908 1350 2971 Ptolemaeo
1359 2910 1415 2973 lli.-
1445 2910 1631 2990 Evergetae
1646 2926 1705 2967 rao·

153 3012 273 3095 hlagae
287 3030 404 3088 annae,
421 3010 502 3089 illia,
522 3012 549 3073 ei
563 3010 766 3095 epigraphen
780 3010 902 3090 demae,
959 3002 1046 3094 ptam
1062 3010 1105 3073 ad
1120 3010 1263 3092 Aegypti
1276 3029 1376 3094 regea
1392 3009 1502 3073 rediit.
1532 3004 1703 3070 Fratrihea

112 3188 116 3199 Ι
152 3114 334 3176 aimillimn.
959 3112 1151 3175 Ptolemaeo
1168 3112 1227 3179 Vi.
1281 3111 1508 3175 Philometore
1537 3123 1572 3175 et
1592 3107 1704 3171 Ptole·

220 3216 310 3284 Vera
331 3217 448 3298 Magae
479 3211 610 3298 effigies
639 3231 682 3277 ex
712 3214 902 3303 amethysto,
959 3232 1054 3277 maeo
1072 3215 1147 3281 Vll.
1188 3213 1360 3296 Phyaeone
1384 3212 1614 3275 diaaideatihna
1640 3230 1704 3294 pax
1785 3296 1790 3305 .

152 3316 248 3398 eninr
266 3336 364 3403 snpra
382 3314 532 3393 memini,
556 3328 647 3400 oapta
669 3318 779 3382 arietie
799 3336 903 3381 oornn
959 3335 999 3379 ert
1018 3316 1096 3399 lege
1116 3316 1256 3392 o'oaluit,
1278 3328 1314 3377 nt
1330 3315 1493 3397 Phyaeoni
1508 3311 1611 3395 Libya
1628 3330 1702 3376 eant

153 3420 302 3503 tempori
321 3418 509 3483 adstitntntn
525 3416 644 3495 offert,
665 3419 836 3503 adsumpto
854 3420 902 3481 ni·
958 3418 1089 3501 Cyrene
1109 3417 1254 3481 eederet.
1298 3415 1384 3479 Heio
1406 3436 1447 3479 ex
1466 3417 1562 3477 Irene
1582 3432 1701 3477 ennea·

151 3523 276 3585 miram
291 3522 376 3587 Iovia
394 3522 564 3585 Ammonia
581 3522 689 3598 culte,
712 3521 803 3603 cujna
822 3534 903 3584 tent·
958 3518 1035 3583 hina
1058 3533 1152 3583 natea
1177 3520 1286 3596 lilino,
1317 3517 1372 3580 eei
1392 3529 1530 3601 propter
1549 3514 1702 3578 maoilan·

152 3624 292 3709 plnm
281 3646 315 3685 ιιι
345 3625 547 3689 contermina
568 3622 761 3686 Marmarion
800 3625 901 3686 aretit.
957 3621 1035 3685 tram
1046 3640 1234 3703 cognomen
1249 3619 1370 3697 aare
1388 3640 1452 3682 noe
1461 3638 1615 3702 pragma
1629 3615 1701 3692 fait,

152 3728 265 3791 Simili
279 3726 369 3791 culta
386 3725 482 3788 etiam
496 3724 723 3791 Ptolemaeum
738 3724 901 3810 Apionem
957 3722 1170 3821 Cyrenaioam
1199 3744 1218 3787 a
1247 3734 1340 3805 patre
1365 3720 1515 3797 abatnlit‚
1543 3717 1702 3783 moriana·

154 3850 239 3893 mox
250 3828 443 3896 ridebimus.
958 3846 1023 3910 qne
1054 3844 1131 3891 eunt
1159 3824 1309 3911 prelihna
1338 3835 1492 3901 careret,
1524 3817 1702 3906 praeterita

521 4000 541 4037 ⁹
625 4043 644 4081 ι
956 3944 1096 4094 ppgnata
1108 3930 1383 4093 ‘Ppolempenrnm
1403 3938 1535 4095 geptev
1544 3921 1702 4087 pppapppt

415 4044 436 4081 ¹
992 4052 1119 4117 ,regna
1164 4050 1241 4095 aere
1266 4050 1319 4094 em
1348 4048 1463 4113 aertpar
1537 4070 1546 4091 .
1595 4068 1604 4087 .
1690 4068 1710 4105 ·..

221 4138 332 4215 Caput
355 4140 444 4217 regis
467 4136 702 4197 diadematum.
732 4126 903 4195 tnazr·
957 4138 995 4197 Δ.
1017 4134 1059 4201 Χ.
1082 4136 1122 4215 qh
1146 4135 1187 4216 Ἰ.

150 4225 308 4301 ΛΕΩΣ.
330 4228 431 4297 nro
451 4270 466 4286 -
484 4270 500 4291 .
518 4269 534 4287 -
555 4236 900 4320 aspernarer.

151 4338 347 4421 (Pellerin.)

217 4440 315 4503 Hane
329 4458 463 4502 numam
478 4438 679 4505 Pallerinina
692 4458 770 4504 enm
788 4442 900 4524 priore

151 4544 270 4625 lagae
298 4544 487 4624 conjunxit,
516 4540 574 4604 aed
603 4556 711 4605 tamen
739 4542 827 4607 inter
853 4544 901 4604 in·
998 4533 1264 4607 ΒΑΣΙΛΕΩΣ.
1280 4531 1615 4603 ΠΤΟΛΕΜΑΙΟΤ.
1641 4538 1702 4600 Co·

150 4658 265 4706 remea
279 4644 440 4725 repoautt
473 4642 605 4706 Cumae
622 4644 685 4707 ltoo
700 4659 794 4728 capnt
812 4645 900 4727 regia
954 4657 1017 4728 put
1038 4649 1128 4729 regis
1148 4644 1291 4709 imberbe
1310 4643 1488 4705 Ammonis
1509 4660 1611 4702 cornu
1631 4660 1701 4701 mu·

1255 4372 1403 4438 Numi:

188 4854 219 4919 a]
239 4847 296 4907 lul·
318 4846 507 4927 Obsequere·

271 5114 278 5151 l
