4292 5467
413 622 458 688 50
875 555 1030 673 nvur
1063 531 1527 678 anaxauoatut'

412 782 505 834 rante
520 768 682 855 signatus,
709 764 849 831 docente
871 764 958 829 istud
978 757 1159 829 αιιηοΛΘ.
1217 762 1281 827 tari
1303 762 1343 827 X.
1365 782 1466 826 annos
1486 760 1691 845 largiuntur,
1720 758 1900 826 accedente
1930 760 1966 822 in

411 874 498 936 Eum
527 870 669 955 primum
698 868 800 933 edidit
828 869 1015 932 Fretichius
1040 868 1090 949 ⁸),
1117 877 1160 929 et
1215 866 1323 929 nnmis
1359 862 1518 949 proximis
1553 876 1588 931 et
1621 863 1761 947 Augusti
1800 855 1896 928 titulo
1930 875 1968 927 et

411 972 522 1037 Druso
542 971 670 1035 Tiberii
688 972 726 1036 F.
750 970 879 1044 tribuit,
903 970 976 1053 quis
997 968 1161 1051 imperan-
1216 967 1340 1033 laurea.

410 1064 453 1139 tis
475 1074 612 1159 Augusti
633 1091 718 1135 anno
739 1069 904 1144 XXXIX..
938 1070 994 1156 qui
1022 1090 1065 1133 ex
1093 1068 1159 1134 cal·
1651 1138 1656 1147 .

410 1176 626 1241 colchorum
647 1194 823 1263 annorum,
854 1184 891 1234 nt
911 1170 1082 1235 docuimus
1105 1191 1158 1232 aa·
1245 1234 1250 1239 ,
1278 1171 1422 1237 lt’omt'ns
1443 1166 1673 1236 AVGVSTJ.

339 1282 342 1291 '
408 1300 469 1364 pra
497 1278 531 1339 in
563 1279 731 1361 Augusto,
770 1273 900 1337 ducitur
927 1273 970 1336 ab
1002 1287 1156 1335 autumno

409 1380 452 1448 V.
474 1378 511 1443 C.
540 1380 635 1461 7oo.,
674 1377 784 1439 nullos
814 1374 895 1439 alius
924 1373 985 1435 luit
1015 1373 1155 1437 idoneus
1254 1364 1961 1446 T1BeP102.KA12AP,2·EBA2T02.

408 1481 687 1565 inveniremur,
704 1480 795 1560 cujas
812 1473 931 1537 honori
949 1475 1156 1539 urbsextera
1212 1476 1254 1543 1..
1270 1474 1327 1541 ΙΔ.
1347 1472 1407 1535 Ill.
1428 1475 1470 1537 K.
1513 1476 1733 1556 Copotdaor.
1770 1470 1794 1532 ἶ
1823 1468 1962 1537 ΘΕΟΣ.

409 1600 525 1645 namot
551 1578 744 1643 dedicasset.
779 1579 822 1639 At
852 1590 918 1637 tum
943 1577 1071 1639 Drusus
1097 1596 1158 1639 no-
1213 1570 1484 1639 ΣΕΒΑΣΤΟΣ.
1531 1578 1637 1656 Caput
1664 1576 1819 1655 Augusti
1850 1578 1963 1637 rodia-

410 1695 480 1745 tter
512 1702 629 1745 annum
659 1678 793 1741 circiter
820 1676 892 1740 xx.
924 1676 1059 1761 agebat,
1094 1696 1157 1757 per
1213 1693 1295 1743 trem.
1328 1679 1399 1743 AR.
1416 1678 1470 1743 vel
1487 1674 1559 1746 ΔΕ.
1574 1678 1616 1744 11.
1639 1676 1806 1758 (Marcili,
1823 1677 1962 1767 sweep,

407 1796 538 1868 patrem
561 1782 730 1845 Tiberium
752 1781 785 1841 in
808 1798 899 1863 spem
927 1778 1059 1860 imperii
1085 1797 1158 1841 suc·
1212 1781 1353 1865 Zaigm)

410 1904 579 1959 crescens,
602 1878 859 1956 idoneusadeo,
878 1879 968 1965 cujus
985 1879 1155 1961 jamnunc
1274 1883 1368 1945 Aliot
1400 1895 1495 1965 typos
1520 1880 1615 1943 nonii
1644 1878 1771 1943 Tiberii
1801 1877 1961 1962 Augusti,

406 1984 672 2049 benevolentiam
704 1982 766 2045 sibi
792 1982 982 2065 provinciae
1005 1978 1156 2051 demere·
1211 1972 1267 2070 qui
1283 1985 1366 2047 certi
1384 1980 1599 2047 Alexandrini
1617 1982 1698 2056 sint,
1717 2000 1783 2044 non
1803 1978 1959 2057 offerunt,

406 2100 533 2152 rentur.
1069 2144 1075 2155 ,
1209 2098 1371 2169 ntneque
1389 2086 1422 2146 in
1440 2085 1587 2166 ejusdem
1615 2082 1822 2167 imperatorio
1851 2084 1960 2146 numia

1209 2188 1338 2275 aureis,
1370 2200 1403 2250 ct
1425 2186 1590 2270 argenteis
1611 2185 1780 2254 commatis
1798 2182 1844 2247 R.
1862 2196 1959 2267 typos

644 2320 919 2390 ΤῙΒΕῙΨΗο
1208 2288 1358 2357 ridemus
1378 2288 1552 2354 variantes.

1197 2430 1201 2437 -
1273 2390 1365 2487 Quos
1383 2391 1464 2455 alios
1480 2401 1652 2472 praeterea
1669 2406 1786 2450 numos
1805 2387 1855 2453 Gl.
1869 2388 1960 2450 Zoe-

468 2492 549 2574 Ejus
577 2491 734 2553 habemus
766 2508 883 2551 numos
916 2486 1049 2551 nomine
1086 2486 1153 2571 pri·
1209 2513 1251 2580 ga
1276 2510 1319 2557 ex
1344 2491 1440 2557 variir
1467 2491 1654 2555 auctoribus
1673 2490 1814 2567 addidit,
1843 2489 1959 2553 chara·

407 2616 496 2659 mum
517 2592 746 2669 CAESARIS,
768 2589 888 2655 deinde
910 2590 1116 2663 AVGVSTI·
1208 2610 1335 2661 cterem
1356 2608 1483 2657 certum
1506 2606 1658 2658 monetae
1676 2582 1862 2677 'Aegyptiso
1885 2610 1957 2654 uon

1207 2695 1426 2783 suppeditant.

466 2798 609 2865 Nomine
628 2796 881 2861 CAESARIS.

470 3004 578 3086 Copot
593 3000 720 3065 Tiberii
733 3000 867 3064 nodum.
883 2995 907 3057 ἶ
922 2994 1150 3062 TIBEPIOT.
1401 2934 1550 3005 &svs
1575 2936 1743 3021 caldum·

402 3108 443 3171 L.
456 3100 495 3169 Γ.
516 3102 555 3167 Δ.
570 3101 609 3168 Ε.
627 3104 659 3170 1.
676 3102 767 3184 typis
784 3099 1025 3183 hippopotami,
1042 3119 1151 3161 croco·
1269 3090 1375 3185 Hujus
1405 3104 1500 3166 naias
1532 3104 1622 3167 numi
1651 3101 1865 3167 Alexandrini
1895 3104 1955 3165 ‹le-

403 3210 483 3282 dili,
505 3207 655 3283 aquilae,
679 3200 1071 3268 coroooe.1AE.111·lV·
1207 3218 1297 3280 sant,
1325 3205 1385 3269 sed
1401 3206 1579 3271 verisimile
1601 3220 1670 3280 est,
1694 3206 1758 3288 jam
1775 3205 1836 3268 sub
1853 3204 1953 3267 'ribe-

467 3307 565 3367 Numi
590 3305 625 3367 hi
648 3302 816 3365 Tiberium
840 3320 948 3387 neque
965 3305 1150 3385 Augustum
1173 3318 1180 3327 ·
1204 3307 1275 3381 rio,
1292 3306 1472 3386 incertum,
1490 3306 1610 3393 quade
1628 3328 1740 3382 cauta,
1756 3305 1850 3369 feriri
1867 3305 1954 3368 deai-

402 3407 587 3492 appellsnt,
616 3424 724 3489 neque
749 3405 861 3467 laurea
883 3404 1027 3489 cingunt.
1063 3401 1150 3497 Que-
1205 3421 1275 3486 tos,
1299 3430 1374 3474 nam
1393 3410 1549 3473 hacteuus
1565 3406 1679 3473 videre
1701 3429 1767 3471 non
1785 3408 1877 3472 licuit
1891 3429 1952 3469 aa·

400 3530 441 3575 re
468 3507 610 3573 dubitari
634 3506 765 3593 nequit,
800 3506 948 3591 Augusto
978 3506 1074 3583 vivo,
1113 3518 1147 3571 et
1204 3531 1314 3588 mum,
1340 3512 1516 3595 postremit
1541 3511 1627 3575 xm.
1657 3510 1729 3595 ejus
1759 3506 1952 3596 imperantis

401 3634 474 3676 cum
499 3612 619 3675 Caesar
639 3622 761 3673 tantum
787 3608 892 3672 adhuc
908 3619 1019 3687 esset,
1043 3608 1146 3673 luisse
1204 3614 1295 3679 onais
1312 3613 1485 3699 signatum.

402 3714 556 3798 signatos.
608 3713 848 3777 Alexandrinos
889 3730 1007 3773 annam
1048 3708 1148 3773 Tibe·

401 3818 443 3879 rii
472 3819 498 3881 1.
529 3835 718 3878 numerasse
745 3814 786 3878 ab
811 3831 896 3877 anno
923 3812 964 3881 V·
988 3810 1025 3875 C.
1054 3804 1145 3893 757'.,
1387 3792 1449 3919 T'L
1479 3852 1749 3924 cmvmvs

401 3938 466 4004 quo
502 3915 671 3999 adoptatus
712 3914 752 3980 ab
788 3914 960 3997 Augusto,
997 3912 1145 3976 Caesaris
1752 3894 1762 3914 ⁰

400 4020 514 4096 titulo,
534 4030 567 4082 et
582 4016 754 4081 tribunicia
769 4029 930 4100 potestate
951 4014 1069 4078 iterum
1088 4013 1146 4079 do·
1265 4023 1296 4083 A
1320 4020 1464 4090 Claudio,
1479 4034 1611 4087 moneta
1634 4017 1855 4086 Alexandrina
1886 4020 1950 4083 im·

400 4135 583 4199 natusest,
615 4122 679 4204 jam
701 4119 788 4182 haud
809 4118 925 4181 dubius
947 4116 981 4180 in
1002 4116 1145 4203 imperio
1192 4125 1488 4209 ·mensum·aageri
1509 4124 1632 4209 incipit.
1668 4122 1834 4206 Deinceps
1860 4144 1946 4208 ergo

400 4242 589 4300 successor,
613 4222 694 4285 mihi
709 4222 812 4305 ‚plane
825 4219 1024 4305 persuadeo.
1053 4220 1144 4283 Exe-
1192 4246 1259 4290 eos
1286 4234 1411 4290 tantum
1437 4247 1554 4291 numos
1581 4227 1782 4303 recensebo,
1811 4225 1869 4310 qui
1898 4226 1948 4289 di.

400 4326 450 4409 git
471 4324 505 4386 in
529 4325 592 4387 hoo
619 4337 705 4387 stetu
725 4344 826 4387 ennon
846 4324 905 4399 K,
934 4320 1040 4386 801180
1056 4342 1143 4385 mor·
1198 4349 1299 4417 gnum
1315 4329 1438 4415 aliquid
1454 4328 1575 4393 nostris
1593 4328 1708 4394 studiis
1728 4329 1895 4413 objicient.

398 4426 567 4499 tro.C.
586 4426 658 4507 707.
686 4428 835 4509 Augusto
855 4424 992 4507 Augusti
1012 4423 1142 4488 titulum
1459 4478 1479 4517 ι
1561 4432 1581 4471 ⁴
1664 4479 1686 4515 4,
1744 4502 1750 4513 .

397 4530 470 4611 ipse
486 4527 644 4609 suscepit,
659 4541 754 4616 atque
770 4525 855 4589 istud
871 4526 1038 4610 praeclsre
1055 4547 1143 4593 com·
1262 4530 1588 4598 erronea-eam
1604 4536 1702 4600 variis
1721 4536 1829 4613 annis,
1856 4536 1944 4620 typis

397 4630 539 4715 probent
558 4628 664 4705 numi,
690 4630 746 4711 qui
764 4629 900 4695 Tiberio
924 4644 1046 4695 tentum
1063 4634 1142 4699 Cae·
1188 4636 1296 4701 ‘etiam
1310 4635 1426 4702 rariist
1450 4638 1639 4712 Victoriae,
1657 4627 1822 4719 manipuli
1835 4642 1947 4722 spico·

425 4836 464 4905 a)
485 4834 652 4915 Adpendic.
677 4835 834 4897 Ilvnovse.
