4292 5467
557 565 641 673 'uu
678 554 866 678 uvuts
904 602 1320 682 conoutuuvu.
1644 628 1717 709 aa,

165 770 295 857 psiuaua
329 770 523 837 iamiliarum
554 770 594 832 lt.
612 772 615 777 ’
630 739 749 836 namus
783 772 921 857 collegit
977 775 1129 858 gentibus
1153 776 1194 840 tt.
1220 792 1398 868 pruguapoa
1424 782 1625 863 existimant,
1659 810 1726 855 uua

165 874 405 961 vulgavitque,
432 872 467 932 iu
495 872 614 934 hurum
642 875 824 957 catalogum
851 896 920 939 neu
944 888 948 893 '
975 878 1124 941 nituntur
1155 879 1386 958 fundamento,
1418 886 1560 949 numinis
1590 909 1727 953 coneor-

164 976 298 1058 recepit
330 994 448 1037 names
483 974 698 1057 peregrines,
735 976 791 1060 qai
819 976 921 1059 magi·
977 976 1041 1042 dia.
1082 980 1138 1041 Sin
1163 978 1267 1057 istud,
1293 1002 1431 1047 necesse
1456 988 1539 1062 erit,
1564 988 1728 1075 iatssntua
1862 1007 1867 1015 ’

166 1090 289 1144 stratu
318 1076 532 1157 municipales
562 1075 736 1158 inscriptus
763 1075 917 1144 offerant.
977 1080 1094 1158 etiam,
1132 1101 1238 1167 paene
1267 1102 1380 1147 omues
1399 1085 1541 1171 'imperii
1569 1092 1631 1169 R.,
1663 1113 1726 1176 qua

165 1176 397 1263 Indulgentiur
421 1176 557 1239 Carolus
579 1176 712 1239 Petinus
735 1191 830 1240 auctu
855 1199 915 1241 aue
972 1182 1096 1263 patuit,
1134 1184 1258 1247 incolas
1288 1184 1328 1247 ab
1359 1185 1410 1247 hia
1441 1190 1728 1271 genesianum,

165 1278 292 1346 Vnius
315 1300 383 1343 acu
403 1297 524 1363 pancos
547 1278 686 1341 inseruit
707 1300 822 1341 nemea
844 1278 915 1360 ejus
974 1284 1048 1366 quia
1071 1284 1194 1346 scuaiaa
1223 1304 1336 1347 omues
1365 1284 1443 1348 huic
1477 1288 1617 1372 imperio
1650 1294 1726 1357 suba

165 1381 302 1463 genesis
326 1379 589 1463 magistratuum,
620 1379 748 1464 quande
772 1400 916 1443 cummu-
971 1384 1051 1468 jecti
1081 1384 1216 1467 abjectis
1245 1386 1432 1451 numinibus
1464 1392 1576 1471 patriis
1604 1393 1724 1459 Roma·

164 1485 222 1545 uia
242 1502 316 1547 cam
338 1480 490 1563 gentibus
513 1482 555 1541 R.
576 1481 707 1543 nomina
730 1500 766 1543 se
790 1483 916 1546 abtule-
973 1506 1014 1546 na
1046 1500 1277 1571 respexerunt.
1319 1487 1516 1570 Apollonius
1543 1492 1724 1573 Tyaneusia
1804 1562 1808 1573 ,

164 1604 225 1659 re,
246 1583 391 1668 'ejusque
417 1582 564 1667 uestigiis
587 1583 755 1658 innitere,
784 1585 841 1668 qui
869 1604 918 1647 ae·
974 1586 1120 1667 graviter
1148 1590 1242 1653 lunas
1269 1588 1419 1672 increpat
1440 1590 1491 1671 d),
1532 1595 1619 1675 quud
1647 1616 1738 1663 cum.

165 1684 237 1747 cati
274 1698 366 1761 sunt,
390 1682 614 1758 tullianum,
634 1763 640 1777 ,
660 1698 695 1746 et
732 1686 915 1751 Morelliua.
974 1684 1094 1751 Graeci
1114 1710 1189 1753 ease
1209 1690 1439 1754 eteaistimari
1458 1691 1598 1770 vellant,
1624 1696 1723 1763 habe·

166 1786 357 1851 Gsuaratim
383 1783 775 1863 Pariunt,'l⁷aillautiua,
805 1800 839 1849 et
860 1788 917 1871 qui
973 1801 1113 1872 reutqae
1142 1790 1233 1872 priua
1259 1793 1391 1855 uomina
1414 1791 1554 1855 heroum
1577 1809 1611 1858 et
1635 1799 1725 1864 airu·

163 1890 202 1947 ias
238 1886 389 1949 licrellii
417 1906 534 1947 uumea
572 1900 807 1949 commentatus
846 1902 912 1963 sat,
960 1906 1045 1949 ram
1079 1889 1275 1968 illustrium,
1310 1912 1396 1955 nuuc
1433 1908 1544 1957 esseut
1572 1900 1721 1981 Luculli,

163 1989 412 2069 Harercampua
449 2006 630 2063 censuere,
671 1986 732 2050 ltcs
774 1990 913 2064 llairea,
969 1988 1132 2065 Fabricii,
1163 1992 1276 2069 Lucii3
1309 2007 1345 2056 et
1370 2012 1447 2057 mex
1473 1995 1558 2061 inira
1581 2002 1629 2081 ⁸)t
1661 2016 1719 2079 tu,
1814 2006 1820 2019 '

164 2088 292 2152 aediles
311 2102 376 2150 etc.
399 2085 455 2169 qui
473 2085 622 2172 Aebutii,
649 2087 800 2163 Aemilii,
829 2090 913 2151 lunii
968 2078 1073 2172 inquit
1091 2090 1131 2153 ad
1147 2092 1357 2171 Bestiarum,
1384 2106 1515 2176 repenle
1534 2102 1585 2161 uis
1608 2109 1721 2167 euceri

164 2204 231 2255 etc.
247 2203 425 2265 vocantur,
449 2200 505 2251 aut
525 2206 605 2252 vere
628 2207 669 2249 ex
694 2187 812 2251 hesum
836 2210 910 2255 essa
967 2190 1164 2269 Lucretius,
1178 2195 1233 2256 vel
1245 2196 1427 2277 Lupercus.
1449 2196 1489 2257 A
1505 2216 1647 2277 quonum
1666 2224 1719 2266 ve·
1803 2190 1805 2193 ¹

162 2292 323 2375 sanguine
347 2302 543 2374 prognatos,
570 2302 605 2351 et
629 2308 671 2352 cx
693 2290 777 2354 urbe
798 2295 831 2353 in
856 2312 911 2355 ea·
967 2310 1006 2351 ro
1024 2291 1143 2353 horum
1158 2313 1267 2375 genus
1282 2297 1399 2357 ducis?
1417 2296 1503 2363 Vide
1521 2310 1556 2361 ct
1572 2319 1716 2367 cousuua

162 2390 271 2476 lunias
291 2393 479 2465 traductos,
501 2401 557 2453 aut
578 2391 694 2453 lterum
719 2411 793 2455 atae
816 2392 917 2455 liber·
971 2388 1006 2449 iu
1024 2391 1090 2455 vita
1109 2394 1276 2476 Apelleuii
1295 2396 1529 2479 Tyaneuais'f).
1563 2400 1608 2461 Hi
1635 2423 1718 2488 erge

163 2506 228 2557 tea.
276 2492 419 2557 llomaui
451 2511 567 2555 omnes
584 2490 700 2555 'fuisse
732 2493 913 2578 sanguinis,
971 2493 1089 2569 lauet,
1117 2488 1254 2579 ¹verique
1276 2496 1414 2574 Graeci,
1446 2519 1485 2559 au
1511 2522 1530 2563 a
1553 2503 1717 2581 Lucullis,

160 2592 262 2657 decet
279 2594 471 2658 'Floresiua
491 2597 530 2676 ¹).
573 2592 728 2660 Libertas
765 2595 911 2659 adseruit
965 2591 1126 2657 Fabriciis
1151 2607 1215 2659 etc.
1241 2596 1330 2659 tatii
1363 2600 1473 2687 Taceo
1504 2613 1552 2665 tet
1581 2605 1718 2669 archen·

157 2692 358 2772 Gallaudus,
384 2694 495 2778 quiin
521 2692 676 2776 epistola,
703 2700 786 2781 quie
805 2711 910 2762 exstat
966 2706 1038 2770 tat,
1063 2708 1245 2780 altategot,
1272 2697 1716 2789 scribas‚„s1iosqusomuis

157 2796 196 2858 in
217 2784 389 2861 Ueneriis
413 2796 697 2858 Treseltieuaibus
720 2795 773 2879 l‘),
797 2811 833 2862 at
855 2819 909 2863 ra·
964 2792 1117 2859 iertauae
1138 2798 1246 2876 viras,
1274 2782 1357 2884 qu'as
1382 2799 1478 2863 uobis
1508 2805 1716 2887 suppeditant

142 2899 270 2962 *scitata
307 2910 359 2961 est
392 2896 426 2957 iu
458 2895 584 2959 Electia
613 2898 834 2961 Wolterecltii
857 2903 906 2980 ο),
964 2912 1186 2961 marmoreae
1208 2900 1315 2977 numi,
1347 2900 1503 2964 Romania
1530 2905 1627 2985 plane
1654 2926 1713 2971 ne·
1814 2934 1833 2979 ,¹

156 3000 264 3075 aspice
279 2997 652 3082 objurgatllerellium,
676 2998 764 3082 qued
781 3014 816 3063 et
832 2999 904 3083 ipae
963 2998 1104 3059 minibus
1132 2998 1307 3081 praeditos.
1351 3000 1498 3063 Cornelii
1525 3004 1623 3066 Balbi
1651 3006 1713 3075 Ga·

154 3102 307 3165 videatur
340 3099 436 3163 velle
461 3100 602 3162 miscere
619 3119 708 3163 mum
739 3101 903 3165 uebilibus
960 3096 1057 3162 dils‘us
1080 3102 1145 3162 arti
1165 3099 1279 3175 inere,
1307 3113 1342 3162 et
1362 3121 1381 3162 a
1402 3101 1617 3185 scriptoribus
1639 3127 1711 3188 psa·

152 3205 378 3265 Romanorum
409 3190 560 3284 gentibus
587 3202 739 3265 homiues
770 3203 905 3267 munici-
921 3258 937 3287 Ι
959 3200 1027 3263 aini'
1059 3200 1138 3265 dicti
1176 3201 1329 3265 homines
1365 3203 1517 3281 externi,
1559 3218 1594 3267 ut
1629 3205 1711 3269 dixi·

150 3304 266 3387 palea,
294 3302 432 3363 libantes
459 3300 605 3383 patribus
632 3304 740 3367 servis
754 3311 904 3389 'prugum
958 3322 1031 3365 mus
1058 3302 1093 3363 iu
1123 3317 1253 3365 monete
1276 3301 1434 3373 Gadium,
1464 3324 1530 3367 neu
1560 3306 1661 3389 igitur
1691 3331 1712 3375 a

150 3419 227 3481 aas,
261 3406 317 3489 qui
342 3401 427 3466 adeo
457 3417 591 3485 praeter
622 3425 762 3484 numen,
796 3406 912 3495 qued,
956 3405 1115 3475 Romanis
1136 3404 1321 3481 Corneliis,
1349 3418 1386 3467 ut
1406 3424 1516 3489 seque
1540 3408 1709 3492 Agrippae

151 3506 231 3591 quia
261 3504 381 3567 iturum
412 3502 532 3565 liberti·
556 3502 669 3583 suere,
708 3506 749 3570 ab
779 3506 830 3570 hia
859 3527 902 3571 ex
957 3503 1097 3569 Iudaeae
1147 3525 1248 3587 aegea
1298 3528 1317 3567 s
1367 3506 1520 3568 Romanu
1561 3509 1707 3593 Agrippa

149 3626 248 3670 mere
269 3616 485 3689 acceperuut,
510 3603 592 3665 nihil
616 3626 690 3669 cam
714 3606 755 3671 iis
780 3607 902 3673 helane-
958 3606 1099 3672 oriundi.
1133 3610 1184 3668 An
1210 3604 1351 3690 denique
1375 3607 1571 3685 verisimile,
1599 3613 1709 3675 Aemi·

149 3728 191 3772 rc
227 3727 412 3772 commane.
455 3707 588 3790 Operae
621 3709 723 3790 igitur
758 3710 900 3792 pretium
953 3706 1038 3785 liae,
1071 3709 1193 3783 lullae,
1233 3707 1361 3782 laniae,
1394 3708 1600 3789 patriciarum
1629 3733 1711 3793 geu·

148 3808 303 3875 rideatur
322 3809 515 3895 *inquireress
543 3804 702 3894 primum,
732 3812 899 3875 fuerintne
953 3808 1036 3872 tiam
1053 3812 1222 3886 surculus,
1246 3808 1286 3871 ab
1307 3810 1377 3893 ipsa
1398 3810 1548 3893 prosapia
1572 3812 1611 3873 ad
1641 3835 1708 3875 sm-

148 3910 244 3973 ilsiri
278 3909 430 3992 gentibus
456 3912 497 3975 R.
525 3912 739 3995 eegucmiusa
771 3932 814 3976 aa
847 3914 899 3977 lria
954 3910 1100 3994 piissima
1142 3911 1274 3993 imperii
1324 3930 1460 3975 munera
1509 3910 1705 3991 destinatus,

147 4010 412 4088 etiam‘eriundi,
429 4010 565 4089 deiude,
585 4036 626 4077 su
640 4014 757 4077 lterum
774 4013 897 4091 liberti,
954 4011 1157 4095 Acinipaue,
1205 4010 1296 4107 ilici,
1345 4012 1540 4088 Obulcoue,
1589 4014 1703 4079 aliisve

147 4112 346 4196 audacique
360 4112 536 4197 indigenae
554 4105 815 4199 'ad'magistrstus
840 4116 897 4179 de·
953 4113 1084 4197 oppidis
1109 4112 1309 4197 ignobilibus
1333 4115 1500 4179 lluiratum
1529 4114 1583 4179 vel
1616 4118 1703 4179 aedi-

146 4215 302 4279 meaticaa
345 4217 463 4279 evecti.
518 4216 628 4280 Lubet
669 4230 896 4303 argumentum
936 4216 1057 4283 ,latam
1077 4214 1232 4279 obeundo
1256 4216 1410 4279 maximas
1440 4238 1512 4279 suas
1539 4238 1614 4299 apea
1631 4225 1703 4282 'te-

145 4316 252 4395 iatnd,
277 4316 451 4392 hacteuus,
480 4317 570 4399 qaod
592 4318 720 4396 nomm,
745 4318 823 4383 fara
841 4340 898 4382 ue·
953 4318 1055 4380 luisse
1075 4318 1270 4381 retardare?
1302 4316 1364 4378 nisi
1391 4317 1463 4400 quia
1489 4316 1580 4381 forte
1599 4322 1703 4401 pessit

147 4419 317 4503 glectam,
334 4418 521 4484 adcuratius
539 4432 691 4485 tractare.
953 4418 1189 4504 comprobare,
1218 4418 1365 4482 illustret
1392 4417 1454 4481 hos
1483 4418 1572 4483 vires
1593 4420 1708 4483 'henu-

210 4520 277 4615 Qui
302 4520 516 4605 municipales
543 4523 607 4585 hes
633 4521 821 4605 praefectos
854 4540 896 4585 ax
951 4520 999 4584 ria
1024 4533 1146 4584 tautum
1169 4540 1267 4586 cauca
1286 4520 1515 4603 municipalem
1534 4521 1705 4585 hundius*

180 4735 402 4823 s),'l'.l‡p.26.
473 4745 511 4819 la)
530 4747 610 4822 liaie
628 4758 713 4811 tm.
771 4750 950 4825 c)pag.67·
1011 4746 1046 4821 d)
1066 4747 1213 4825 Episttt.
1280 4717 1480 4823 e)Episi.ut.
1549 4746 1582 4820 l)
1603 4747 1701 4807 mv.

142 4848 206 4897 cs.

1302 4928 1457 5010 Pppc
