4292 5467
441 623 519 696 aaa
1052 609 1243 684 curva.
1273 607 1365 715 ιιι

445 780 503 841 his
531 777 690 863 adeptus,
727 777 851 863 patriae
892 801 970 846 suae
1005 780 1191 865 civitatique
1247 778 1422 862 relinquat.
1465 776 1542 841 inre
1562 763 1664 862 igitur
1684 768 1793 860 arguit
1810 770 1921 836 ιιιίιιι·
1941 767 2002 830 lais

444 879 607 964 prodest?
651 883 703 942 Δι
720 901 801 946 vero
824 881 998 966 pugnaturi
1019 895 1094 945 sunt
1117 903 1191 947 cum
1248 883 1410 944 recutitus
1441 891 1574 955 noster,
1606 877 1658 942 lais
1691 899 1734 941 ox
1762 871 2005 942 certaminibus

446 981 593 1046 hostibus
623 981 732 1046 discos
761 983 907 1046 manibds
928 973 1110 1066 jactantes?
1138 995 1193 1058 ιιι
1248 983 1374 1045 nullum
1392 1001 1528 1068 prorm
1544 1000 1671 1046 sacrum
1687 998 1774 1043 csse.
1816 978 1900 1040 Nam
1919 972 2004 1056 ipsi,

447 1087 545 1149 uitato
568 1103 642 1154 clun
669 1083 792 1167 clypeis
820 1105 919 1148 cursu
937 1085 1066 1150 bostem
1090 1085 1193 1168 patria
1248 1084 1375 1168 inquit,
1412 1082 1524 1146 tabum
1548 1081 1762 1144 admiratores
1790 1077 1895 1162 leges
1910 1075 2005 1138 tuln·

447 1185 607 1270 exigent?
651 1185 707 1250 Sic
735 1205 813 1251 sana
840 1206 939 1252 nomo
969 1187 1107 1262 delirat,
1136 1186 1195 1270 qai-
1248 1200 1325 1250 runt
1349 1197 1464 1250 eontra
1484 1183 1572 1256 vim,
1602 1194 1637 1246 et
1655 1183 1689 1244 iu
1706 1201 1826 1265 corpus
1846 1177 2005 1244 saeviet·

444 1291 480 1354 iu
499 1290 569 1354 scie
583 1307 687 1374 prope
705 1287 804 1352 stetit.
835 1288 1013 1372 Aequum'
1003 1288 1123 1372 igitur,
1144 1290 1194 1350 in·
1246 1287 1333 1351 tibus
1349 1306 1472 1370 poenas
1486 1283 1735 1350 constituerunt.
1777 1283 1822 1344 Et
1840 1299 1906 1365 que
1921 1297 2004 1341 ιιιο-

448 1392 538 1477 quit,
569 1389 740 1474 sapientes
768 1387 920 1451 bomines
959 1401 1055 1474 atque
1086 1389 1192 1456 bonos
1248 1389 1292 1453 do
1314 1407 1452 1472 acquum
1479 1385 1584 1448 cidari
1607 1395 1735 1466 potest,
1755 1395 1809 1457 ut,
1828 1402 1893 1498 ‘qna
1881 1379 2004 1445 slei·
2117 1392 2119 1427 :

445 1490 534 1555 foliis
556 1488 726 1567 coronari,
748 1501 782 1552 et
806 1487 926 1573 siquis
949 1491 1113 1556 civitatem
1136 1513 1194 1576 op·
1248 1502 1382 1552 scuutnr
1418 1487 1519 1552 lactea
1556 1484 1707 1570 privatim
1744 1477 1903 1565 iujurias,
1928 1501 2005 1543 nec

444 1595 524 1656 time
555 1591 665 1674 regit,
701 1603 903 1674 temperatus
932 1613 970 1656 oc
995 1593 1101 1672 justus
1129 1593 1191 1669 vir,
1248 1588 1420 1674 impunitas
1446 1587 1577 1665 sinunt,
1613 1586 1746 1649 iidem
1735 1607 1769 1646 ιι
1795 1581 2007 1648 celebritnti-

447 1695 504 1780 qui
526 1693 672 1756 oratioue
694 1714 751 1756 ιιι
771 1713 869 1776 prava
891 1693 1035 1758 facinora
1061 1695 1193 1760 submo-
1247 1692 1333 1768 bus,
1364 1703 1527 1774 tantaque⁴
1551 1702 1771 1773 spectatorum
1806 1683 2006 1769 frequentin

446 1809 519 1872 vet,
540 1794 627 1858 rixas
644 1807 677 1856 et
694 1793 873 1858 seditiones
888 1798 1086 1882 compescit·
1107 1799 1191 1861 bueo
1248 1813 1388 1858 coronas
1413 1791 1531 1874 talium
1554 1789 1735 1853 sucinorum
1764 1785 2005 1869 patratoribus,

447 1898 575 1964 scilicet
599 1907 674 1959 suut
699 1908 737 1958 et
756 1895 817 1959 toti
840 1897 962 1962 civitati
988 1899 1128 1976 decora,
1157 1911 1193 1961 et
1248 1908 1283 1959 ιι
1302 1893 1363 1957 alia
1386 1867 1542 1978 quaedem
1558 1911 1621 1976 per
1636 1883 1832 1973 praeconem
1850 1899 2004 1962 ιιιιιιιι

446 2000 618 2075 universae
640 1997 811 2064 Graeciae.
854 1999 898 2062 Aa
927 2000 978 2063 bis
1009 2001 1113 2064 multo
1140 2011 1192 2062 est
1247 1995 1415 2082 praemia?
1458 1997 1572 2074 Haeo,
1592 2006 1702 2100 atque
1710 1991 1761 2055 bis
1781 1991 1873 2074 plura
1889 1989 2001 2054 Pbilc

445 2099 650 2176 mirabilius,
688 2099 776 2184 quod
798 2101 885 2164 ltuuc
906 2123 1001 2164 suum
1031 2107 1066 2164 in
1095 2099 1192 2163 ludos
1247 2097 1405 2164 laudatus.

445 2203 596 2288 publicos
627 2199 816 2264 lurorem'
806 2223 840 2262 ιι
868 2202 1032 2322 religiosis
1061 2221 1191 2286 quoque
1310 2201 1418 2284 Atque
1439 2200 1523 2262 liaeo
1541 2194 1672 2282 quidem
1693 2194 1876 2259 ludorum
1865 2195 2003 2260 ιιιιιίι

445 2301 673 2378 caerimoniis,
695 2302 877 2388 quibusque
902 2305 1033 2369 numina
1056 2317 1112 2366 aut
1135 2302 1192 2368 ob.-
1246 2303 1313 2385 jam
1341 2299 1511 2388 Euripidis
1541 2319 1625 2366 aero
1661 2297 1825 2360 excedere
1857 2295 2003 2361 modum
2117 2332 2119 2347 ι

1248 2405 1317 2470 risa
1344 2417 1454 2466 tamen
1489 2413 1675 2490 comparata
1703 2420 1778 2462 cum
1805 2397 1880 2474 illa,
1909 2407 2004 2482 quac
2117 2380 2119 2493 ÷

1212 2513 1216 2519 '
1247 2506 1353 2568 serius
1380 2503 1541 2578 invaluit,
1566 2501 1650 2568 ferri
1676 2513 1840 2586 utcunque
1870 2501 1997 2583 potuis,
2117 2498 2119 2506 ’

446 2417 639 2480 amarent,
681 2416 737 2468 ιιι
786 2403 972 2488 placarent,
1021 2418 1191 2490 putavere.

442 2505 620 2568 Praeclare
640 2504 724 2566 hauc
742 2505 925 2587 aequalium
948 2525 1081 2568 anorum
1101 2525 1192 2572 vesa-

444 2607 529 2668 niam
547 2603 687 2686 exagitat
704 2603 803 2667 Philo
824 2605 972 2670 Iudaeus.
1017 2607 1121 2682 Cave,
1143 2606 1191 2666 iu·
1246 2607 1379 2672 Etenim
1405 2605 1513 2671 veteri
1538 2602 1754 2689 illi,.suiqne
1785 2601 1889 2667 adbuc
1910 2603 2001 2684 juris
2117 2636 2119 2647 =

445 2705 516 2790 qttlt
542 2707 589 2785 ¹),
618 2723 709 2768 sacra
746 2719 842 2788 putes
879 2706 1076 2782 certamina,
1107 2726 1190 2791 quae

444 2810 625 2872 instaurant
652 2804 751 2868 tertio
780 2821 909 2890 quoque
935 2828 1019 2871 auno
1041 2807 1190 2872 civitates

324 2935 329 2944 ·
445 2906 603 2993 quaedam
626 2907 806 2972 condentes
827 2907 972 2984 theatra,
990 2929 1086 2994 ,quac
1110 2909 1192 2972 mul·

443 3024 477 3074 ta
512 3009 615 3078 millia
646 3009 820 3070 hominum¹
852 3007 1026 3092 recipiunt.
1070 3011 1107 3074 lu
1138 3009 1190 3071 bis

444 3111 532 3176 auita
561 3123 616 3172 ιιι
641 3109 783 3174 luctator
802 3108 1025 3174 aduersarium
1050 3131 1190 3196 pronum

445 3212 637 3296 supinumre
678 3223 853 3288 aternam,
892 3225 954 3275 ιιι,
978 3215 1191 3296 pancratiaste

443 3311 571 3378 relidas
594 3334 613 3376 a
633 3309 723 3374 nulla
738 3313 771 3378 ei
788 3309 843 3378 iel
859 3313 1004 3377 laesione
1029 3315 1092 3378 sibi
1110 3329 1192 3378 tem.-

445 3433 564 3499 nerant
597 3411 736 3497 primam
765 3413 896 3476 laudam
929 3429 1077 3499 occupat.
1119 3417 1190 3479 llec

310 3577 326 3593 ,
443 3516 582 3592 desunt,
603 3515 666 3591 ait,
693 3513 750 3597 qni
775 3528 917 3600 utroque
937 3537 1048 3604 pugno
1076 3518 1111 3578 in
1140 3537 1191 3580 ca·

340 3647 344 3655 ·
442 3631 503 3702 qaut
533 3615 715 3698 faciemque
749 3615 912 3694 involant,
941 3631 975 3682 ct
1004 3620 1055 3682 bis
1085 3618 1190 3703 probe

445 3717 589 3788 contusis
609 3716 644 3777 in
667 3731 779 3780 cetera
801 3739 930 3802 quoque
954 3721 1101 3785 membra
1122 3725 1192 3786 ιιι-

446 3822 562 3898 ciunt,
593 3817 779 3902 ubicunque
815 3834 922 3884 sutem
960 3823 1071 3906 plagas
1108 3822 1192 3887 inie-

444 3933 546 3994 ιιιι,
577 3919 748 3998 mutilant,
786 3932 820 3982 et
841 3923 1021 4006 panchaeo
1048 3938 1113 3988 tam
1133 3926 1192 3986 im·

446 4023 558 4088 mania·
597 4040 767 4098 corones,
800 4023 1010 4107 praemiaque
1063 4037 1191 4110 petunt.

444 4125 526 4186 Nam
547 4122 674 4206 reliqua
695 4122 874 4186 certamine
887 4143 1077 4202 cursorum,
1099 4129 1192 4212 quin·

1247 2709 1427 2796 Graeciae,
1448 2704 1554 2792 qualis
1576 2703 1648 2788 ejus
1669 2718 1788 2787 poetae
1809 2717 1915 2768 aetate
1937 2725 2005 2768 ex·
2117 2734 2118 2781 3

1247 2810 1346 2887 stitit,
1377 2827 1542 2892 nunquam
1566 2806 1706 2874 defuere
1733 2805 1866 2888 negotia
1895 2806 2001 2886 seria,
2117 2864 2118 2879 ,

1247 2912 1317 2976 sire
1344 2931 1419 2974 cum
1442 2921 1599 2972 externus
1619 2908 1723 2972 bostis
1747 2921 1902 2991 urgeret,
1923 2909 2003 2976 sire
2117 2912 2119 2977 i

1247 3015 1429 3079 vicinorum
1468 3010 1644 3093 aemulatio
1676 3021 1800 3072 metum
1832 3009 2002 3093 injiceret,
2117 3038 2118 3067 ι

1247 3115 1317 3180 sire
1369 3112 1501 3176 dissidia
1559 3111 1734 3186 forensia,
1782 3123 2001 3196 matrumque
2117 3098 2119 3127 '

1248 3217 1361 3280 odium
1387 3214 1551 3280 civitatem
1574 3212 1806 3277 distraherent.
1848 3217 1894 3275 At
1913 3231 2002 3280 vero
2117 3234 2119 3263 ¹

1247 3319 1367 3382 Graeci
1388 3317 1423 3378 in
1441 3317 1667 3380 Romanorum
1693 3314 1888 3379 servitutem
1920 3335 2004 3401 pro-

1247 3421 1347 3504 lapsi,
1365 3439 1439 3484 cum
1455 3417 1521 3500 jam
1535 3415 1577 3480 iis
1591 3415 1717 3478 nullam
1727 3416 1893 3500 attingere
1909 3417 2001 3500 reip.

1246 3534 1373 3607 partem
1409 3519 1547 3594 liceret,
1581 3515 1635 3579 bis
1669 3537 1744 3580 sese
1781 3519 2004 3582 certaminum

1247 3621 1384 3689 ludicris
1421 3621 1553 3704 penitus
1587 3619 1804 3698 immersere,
1840 3622 2001 3685 Romanis

1248 3723 1338 3810 ipsis,
1349 3723 1433 3812 haec
1460 3741 1576 3785 eornm
1599 3721 1705 3785 studia
1731 3721 2000 3814 adprobantibus,

1248 3825 1337 3918 quod
1358 3825 1406 3891 siu
1431 3823 1622 3886 turbulenta
1637 3820 1844 3886 Graecorum
1866 3823 2000 3914 ingenia

1248 3927 1387 3992 erebus
1408 3923 1587 4000 novandis,
1615 3922 1895 4011 clandestinisque
1922 3947 2004 4004 con·

1247 4030 1329 4093 siliis
1376 4026 1623 4091 avertebantur.
1683 4027 1868 4090 Numerum
1915 4028 2003 4112 iudi·

1247 4131 1334 4195 cium
1363 4127 1393 4192 si
1414 4128 1582 4205 audimus,
1602 4125 1757 4190 ludorum
1784 4129 1910 4193 ἰιιιιίι
1932 4145 2005 4194 tam·

444 4225 718 4308 questionumqne
755 4244 854 4289 nemo
894 4225 1022 4310 sapiens
1052 4250 1118 4292 uon
1147 4232 1192 4293 ri·
1246 4247 1281 4296 to
1304 4231 1442 4297 subinde
1464 4228 1594 4314 gravina
1615 4228 1765 4292 incubuit
1773 4245 1927 4314 ,quanto
1943 4231 2005 4294 de-

446 4326 542 4402 daut,
563 4326 628 4388 boc
647 4323 832 4408 agentium,
854 4341 890 4390 ut
912 4329 1012 4392 saltus
1031 4329 1072 4393 sit
1095 4353 1190 4417 quam
1229 4335 1461 4449 speratiores
1471 4330 1716 4426 provinciarum
1743 4351 1818 4410 res,
1849 4335 2004 4419 propius·

446 4425 674 4508 longissimus,
697 4447 778 4511 quos
793 4449 858 4492 nou
876 4431 981 4494 solnm
999 4434 1192 4516 grandiores
1248 4455 1312 4520 que
1334 4433 1518 4520 perniciem
1538 4431 1653 4510 fuere,
1675 4434 1831 4496 ιίιιὶιιιι
1850 4449 1888 4498 ιι
1909 4457 2006 4499 arer-

448 4526 626 4590 animantes
657 4547 775 4594 cerrus
802 4544 857 4593 aut
883 4551 1021 4614 caprea,
1051 4535 1110 4597 sed
1136 4539 1191 4600 vel
1248 4557 1285 4600 so
1307 4561 1326 4601 a
1348 4534 1575 4600 communibus
1611 4515 1706 4621 maiis
1742 4538 1853 4600 auimo
1882 4538 2010 4623 quibus

446 4627 597 4688 minimus
623 4627 831 4696 catellusaut
851 4632 1038 4716 lepusculus
1057 4658 1076 4700 a
1094 4652 1190 4724 tergo
1250 4651 1386 4724 possent
1406 4636 1512 4701 modis
1530 4636 1695 4702 fastidium
1713 4637 1871 4726 lenirent.
1915 4641 2008 4703 Sane

480 4829 510 4896 a)
531 4825 567 4882 dc
585 4829 737 4906 Agricult..
1320 4797 1324 4804 Ι
