4292 5467
453 614 518 679 172
921 594 1072 669 NVMI
1104 592 1524 670 BARBARORVM.

445 773 580 848 aer'tu'og
604 788 630 827 ι.
646 765 753 847 April
775 786 863 847 ¹777·
907 764 997 829 Ideni
1020 784 1193 849 argumen-
1250 764 1345 833 tibia
1361 748 1544 831 Pellerinin
1562 765 1720 829 indicatos
1737 763 1837 827 sitiit?
1858 765 1911 827 Ex
1927 782 1992 850 quo

445 880 513 931 tum
537 870 642 931 serius
666 867 790 949 majore
813 864 948 949 ἅκριβειᾳ
971 868 1121 935 tractarit
1145 870 1190 934 ni.
1248 883 1402 954 apparet,
1437 870 1557 953 insigni
1595 888 1654 932 eos
1690 866 1779 942 riro,
1816 867 1893 952 quia
1928 886 1994 929 non

444 972 653 1033 Neumannus
685 981 799 1035 noster
828 972 868 1049 ¹).
919 969 1097 1054 Vtriusque
1134 990 1193 1032 no·
1246 970 1376 1055 profert
1397 972 1573 1055 Hispania,
1603 990 1768 1053 nunquam
1794 988 1913 1033 numos
1937 969 1994 1029 m·

444 1084 548 1137 strum
562 1094 624 1137 una
640 1084 707 1150 eat,
729 1084 764 1137 et
777 1073 1117 1148 eonooraaententia,
1136 1090 1192 1138 te·
1247 1073 1436 1156 spanienses
1450 1073 1554 1137 fnisse
1570 1070 1733 1148 creditos,
1756 1090 1795 1136 ae
1815 1086 1994 1155 propterea

443 1187 550 1239 terem
580 1175 732 1251 Daciam,
770 1174 929 1239 Moesiam
965 1174 1189 1260 superiorem,
1246 1174 1435 1258 neglectos,
1472 1190 1624 1261 tanquam
1653 1184 1818 1236 monetam
1847 1172 1890 1236 ad
1918 1192 1994 1257 pro-

442 1276 641 1341 Pannoniam
671 1276 882 1351 inferiorem,
922 1290 988 1339 tum
1021 1290 1056 1341 et
1086 1276 1191 1340 medi·
1243 1278 1474 1361 psaitnmnen
1496 1276 1725 1367 pertinentem.
1761 1272 1887 1337 Omnes
1910 1294 1993 1358 ergo

444 1390 594 1440 terranea
629 1394 843 1464 montanaque
875 1380 1022 1439 Moesiae
1055 1376 1190 1440 inferio·
1239 1378 1471 1461 eonjeeturas,
1511 1398 1590 1461 quas
1621 1376 1663 1440 de
1694 1377 1800 1440 numia
1826 1374 1993 1438 'similibus

442 1480 506 1555 ris,
531 1480 709 1555 Thraciae,
731 1479 963 1555 Macedoniae,
985 1480 1188 1555 Pannoniae,
1243 1480 1431 1564 propinavit
1453 1478 1673 1555 Pellerinius,
1697 1480 1786 1546 venti
1807 1478 1918 1541 irritas
1940 1478 1996 1541 ab·

442 1582 566 1665 illyrici
603 1582 757 1645 similium
795 1602 868 1645 esse
908 1600 1081 1643 nnmerum
1118 1600 1190 1643 esr-
1238 1581 1381 1646 statere.
1867 1621 1871 1629 ι

442 1696 508 1747 tam
535 1682 681 1766 patriam.
723 1684 826 1747 Causa
850 1682 945 1765 hujus
966 1681 1083 1763 ¹jtttiioii
1103 1704 1190 1758 usa,
1308 1683 1407 1747 Num.
1425 1700 1456 1743 a.
1500 1672 1723 1758 FAtttrtltt,
1754 1695 1789 1744 ut
1812 1680 1939 1765 legitur
1960 1682 1994 1743 in

443 1804 568 1868 eaque,
591 1804 673 1869 qnae
695 1783 814 1847 fallere
836 1805 902 1847 non
926 1797 1051 1867 potest,
1078 1784 1112 1845 id
1132 1803 1189 1867 ge-
1240 1804 1333 1848 aueo.
1377 1784 1577 1847 Pelles-inira
1605 1785 1640 1844 in
1668 1804 1730 1845 sno
1757 1803 1823 1845 uon
1854 1782 1994 1843 muitum

442 1906 503 1945 nus
522 1906 636 1947 numos
653 1884 840 1949 incredibili
859 1886 954 1969 eopia
969 1887 1019 1949 bis
1036 1886 1072 1947 iu
1088 1885 1188 1949 terris
1237 1884 1384 1949 absimili
1410 1885 1497 1969 legit
1518 1882 1737 1962 Feriam,
1764 1904 1914 1967 eumque
1940 1886 1996 1946 tri·

442 1984 608 2070 hodieque
637 1986 749 2050 effodi.
790 1985 886 2055 Vnde
916 1987 976 2062 sit,
1004 2000 1044 2048 ut
1075 2006 1187 2050 musea
1245 1985 1316 2049 buit
1337 1986 1497 2064 Phariae,
1528 1985 1627 2049 bodie
1651 1988 1806 2062 Liesr'au,
1832 1984 1995 2049 Adriatici

439 2101 552 2151 nostra
566 2100 704 2171 propter
720 2086 869 2152 viciniam
886 2087 1189 2151 baomeroeabnn·
1241 2087 1369 2150 insulae
1393 2088 1482 2170 juxta
1499 2087 1669 2170 ‘Illyricam
1694 2089 1735 2169 ε).
1767 2090 1875 2172 Hujus
1900 2086 1995 2150 fatia-

441 2188 538 2265 tient,
574 2202 615 2253 et
642 2190 760 2272 passim
785 2190 826 2252 bi
846 2190 942 2251 numi
975 2202 1114 2272 prepter
1141 2188 1189 2252 ri·
1237 2189 1327 2253 «eiam
1352 2188 1465 2270 judieii
1485 2189 1552 2273 jam
1566 2189 1705 2271 agnovit
1727 2190 1834 2254 nobil.
1850 2187 1994 2253 -Iaoobns

441 2291 566 2355 litatem
602 2290 699 2377 furno
726 2291 868 2355 'soleant
897 2290 1057 2355 mandari.
1105 2291 1188 2353 Pro·
1236 2287 1452 2373 Gradenigo,
1485 2292 1542 2373 qni
1563 2290 1603 2353 ad
1626 2311 1679 2352 uae
1700 2290 1898 2374 scripserat,
1932 2290 1995 2353 sibi

443 2394 548 2473 posita
582 2392 643 2455 bae
680 2394 859 2469 sententia,
892 2412 995 2477 quam
1027 2413 1046 2454 a
1076 2391 1187 2456 multis
1237 2390 1315 2473 ejus
1335 2392 1460 2455 insulae
1482 2412 1580 2475 saepe
1602 2392 1724 2475 bospiti
1746 2414 1881 2454 numum
1906 2392 1995 2453 aimi-

391 2548 395 2557 .
440 2493 531 2555 annis
555 2492 741 2576 quotidiana
766 2494 838 2557 tere
864 2494 1068 2575 experientia
1091 2492 1189 2556 baba·
1239 2494 1312 2557 iem
1330 2514 1493 2578 nunquam
1513 2494 1789 2557 inisseeblatnm.
1822 2492 1902 2561 vidi
1922 2496 1993 2574 eiua

442 2614 513 2655 mus
548 2584 812 2677 comprobatam,
852 2615 986 2679 possum
1022 2595 1187 2658 abstinere
1238 2595 1377 2679 generis,
1401 2596 1514 2677 piures
1534 2596 1622 2658 aiios
1647 2597 1682 2657 in
1705 2596 1827 2659 nostris
1856 2597 1992 2657 moseia.

440 2694 639 2777 argumentis
680 2692 770 2773 aliis,
813 2716 896 2781 quae
931 2696 1069 2760 laudatis
1104 2696 1186 2759 loeis
1235 2696 1326 2758 *Cum
1346 2698 1380 2757 in
1401 2697 1510 2759 numia
1534 2696 1693 2761 similibus
1717 2698 1805 2774 aliia,
1826 2711 1866 2761 et
1888 2698 1994 2758 mutto
2036 2683 2039 2687 ⁵

440 2810 571 2880 praesto
597 2795 709 2860 babes.
741 2797 925 2881 Superest,
949 2813 991 2861 *nt
1021 2798 1186 2863 rariorum
1238 2797 1348 2861 aditae
1377 2798 1480 2877 magis
1510 2797 1596 2881 apud
1620 2820 1683 2861 nos
1707 2798 1829 2876 obviis,
1859 2799 1993 2881 legatur

440 2898 549 2979 lapsus
570 2898 603 2961 in
624 2895 812 2962 definiendo
837 2919 952 2963 eorum
974 2901 1072 2963 natali
1096 2900 1185 2977 soto,
1245 2897 1367 2967 ttlvo
1387 2899 1479 2978 XIR,
1500 2913 1607 2983 patet,
1628 2900 1711 2962 nibil
1729 2902 1794 2983 jam
1811 2901 1854 2965 de
1871 2899 1993 2963 Pharia

440 3014 509 3063 turn,
536 3000 564 3062 ai
590 3020 652 3083 qua
677 2998 718 3062 de
746 2999 863 3063 borum
886 3000 1051 3064 nonnullis
1072 3002 1186 3065 obsen-
1235 3001 1463 3083 eogitandunr.

440 3116 515 3166 vutu
540 3100 638 3183 digna
664 3101 879 3178 ridebuntur,
911 3123 1183 3182 commemorem,
1304 3100 1447 3167 Numi.
1470 3102 1601 3167 ΔΤΤΑ.
1620 3106 1869 3190 Hunequoqne
1882 3104 1993 3169 Pelle·

441 3225 478 3267 ae
495 3204 636 3287 denique
651 3203 693 3265 de
709 3206 1028 3271 eoramobarautere
1039 3205 1184 3292 aliisque
1235 3203 1343 3268 ninius
1362 3205 1612 3288 Hispaniensem
1633 3206 1768 3287 putarit.

440 3307 546 3371 causis
564 3305 669 3389 aliqua
689 3303 815 3373 addam.
1270 3312 1274 3319 '
1304 3304 1404 3371 Num.
1420 3316 1459 3383 4,
1484 3310 1522 3382 6,
1548 3308 1588 3383 b,
1610 3330 1654 3389 7,
1681 3309 1721 3384 8,
1748 3307 1840 3371 Bra,
1866 3304 1992 3370 ΒΙΑΤ.

504 3409 602 3472 Num.
621 3429 647 3468 ι.
679 3409 812 3473 ΑΒΝΔ.
840 3411 980 3473 Numam
996 3410 1050 3474 aie
1065 3408 1190 3471 'inseri-1
1239 3404 1421 3469 BtATtrc.
1458 3410 1512 3472 De
1537 3408 1644 3471 narnia
1664 3412 1718 3475 -sio
1738 3407 1909 3491 inscriptis
1933 3406 1993 3467 mi·

370 3560 377 3577 .
440 3526 528 3597 ptum
553 3508 752 3572 Pellerinius
778 3510 861 3573 binis
888 3512 969 3574 loeis
994 3510 1184 3595 proposuit,
1237 3528 1332 3585 rum,
1363 3528 1486 3593 ¹(paam⁸
1501 3508 1627 3572 inerint
1661 3510 1751 3574 varia
1784 3509 1993 3574 eruditarum

439 3612 614 3695 utrobique
640 3628 721 3673 esse
756 3632 872 3675 numos
905 3626 1036 3676 veteres
1065 3612 1185 3695 Hispa·
1236 3609 1369 3693 indicia.
1395 3611 1498 3673 Potes
1514 3611 1763 3696 sainteiiigere
1783 3632 1826 3675 ex
1845 3610 1994 3673 fastidio·

439 3715 571 3777 nienses
596 3710 748 3793 judicarit
769 3709 813 3790 b).
843 3712 932 3774 ldem
955 3714 1026 3794 ejus
1050 3712 1112 3775 init
1135 3713 1184 3794 ju·
1232 3733 1275 3777 ‘sa
1296 3708 1536 3796 Archaeopbssi'
1559 3727 1595 3776 et
1622 3712 1787 3776 Dulotiori
1812 3712 1901 3796 apud
1927 3712 1995 3774 Be·

294 3810 299 3821 ’
336 3848 346 3865 ·
440 3814 560 3878 (linium
580 3812 622 3875 de
640 3807 804 3875 nonnuliis
819 3814 1049 3897 sequentibus,
1074 3826 1111 3877 nt
1129 3836 1185 3897 pa·
1235 3832 1357 3895 gerum
1373 3816 1611 3890 nantanai'nna,
1646 3813 1846 3879 variantibus
1872 3811 1994 3876 studiis

403 3979 406 3985 ,
440 3916 533 3980 tebit.
563 3914 768 3998 Sequeretur
785 3934 885 3995 ergo,
908 3915 1033 3998 majore
1052 3935 1111 3979 eos
1130 3934 1184 3978 on·
1235 3918 1303 3997 iam
1333 3934 1396 3998 pro
1421 3916 1505 3980 urbe
1530 3914 1740 3991 Messeniae,
1770 3918 1806 3977 in
1822 3933 1892 4001 qua
1912 3916 1995 3977 Bias

440 4018 493 4100 pia
510 4016 543 4077 in
558 4014 627 4098 ipsa
645 4016 800 4097 Hispania
816 4015 968 4098 reperiri.
998 4014 1183 4093 Sinistri,
1232 4016 1361 4093 amnia,
1386 4016 1456 4100 ‘jam
1483 4039 1546 4102 pro
1565 4018 1672 4081 Biatia
1692 4016 1892 4100 Hispaniae,
1924 4016 1994 4098 jana

439 4139 499 4183 nur
516 4136 573 4181 ees
590 4115 957 4199 praestans'Floresius,
975 4118 1099 4182 veteris
1115 4136 1185 4182 mo·
1235 4138 1302 4203 pro
1317 4117 1467 4196 Bisaltia,
1488 4120 1544 4184 rix
1560 4120 1692 4184 tandem
1709 4120 1750 4184 ab
1764 4118 1996 4182 intervenien-

440 4233 536 4283 netae
563 4217 685 4302 patriae
707 4238 773 4281 nou
798 4238 919 4301 praeeo
937 4218 1050 4280 ‘solnm
1073 4218 1182 4283 erudi·
1237 4232 1275 4283 te
1292 4220 1464 4283 Pbiiormo
1486 4222 1546 4284 lite
1569 4222 1733 4305 dirempta
1759 4220 1804 4300 d).
1832 4220 1996 4282 ·Pelieri·

440 4336 509 4394 tus,
538 4320 598 4384 sed
621 4334 654 4383 et
677 4320 847 4403 indagator
870 4318 1052 4383 indefessus
1074 4320 1108 4381 iu
1124 4341 1182 4385 oa·
1237 4319 1311 4384 nius
1333 4319 1396 4383 sibi
1419 4336 1571 4388 constans
1586 4322 1625 4386 in
1643 4321 1816 4386 BtaTEc
1834 4322 1994 4407 rogatum

440 4422 584 4504 talngam
616 4442 789 4484 numerum
819 4420 1083 4505 Hispaniensium
1114 4443 1182 4488 non
1234 4423 1490 4507 Hispaniensem
1513 4425 1606 4492 vidit
1642 4404 1735 4487 istud
1758 4436 1906 4499 eertum,
1934 4444 1997 4487 no-

439 4524 584 4604 reoepit,
616 4535 650 4585 et
676 4544 718 4585 ne
746 4536 812 4585 tum
835 4524 991 4607 quidem,
1020 4540 1094 4586 oum
1116 4535 1181 4588 ‘eos
1232 4524 1315 4588 atria
1331 4524 1366 4585 in
1382 4527 1505 4590 nauseis
1522 4527 1607 4589 nibil
1621 4543 1701 4591 esse
1724 4527 1790 4589 bon
1812 4545 1995 4589 atomorum

479 4748 509 4816 a)
528 4746 614 4802 Num.
628 4762 700 4819 pop.
718 4744 785 4801 P.1.
802 4758 902 4821 [attt-
919 4766 1018 4833 serp!
1079 4746 1114 4819 b)
1133 4748 1238 4807 Boc-l.
1253 4761 1339 4823 ptr.
1356 4749 1497 4827 Suppt.1.
1513 4762 1581 4826 p.9.
1670 4748 1999 4826 mittem-polit.

443 4835 476 4906 d)
496 4834 583 4889 Thes.
601 4833 707 4889 Brand.
726 4836 760 4891 T.
771 4836 793 4891 l.
808 4846 868 4896 522.
1729 4886 1735 4893 ,
