4292 5467
420 584 495 661 ,20
802 552 814 643 ’.
1013 566 1203 643 csrvn
1236 568 1358 643 xsatt.

414 756 491 808 sunt
513 741 684 815 consules,
712 737 800 803 istud
830 736 950 802 laetum
978 758 1020 803 eo
1048 736 1165 814 modo,
1284 738 1400 802 Celsae
1416 738 1690 805 Tarraconensis:
1712 738 1754 827 Q.
1774 742 1849 803 reis
1871 741 1910 803 ll.
1926 738 1974 805 V.

417 866 485 932 quo
504 842 671 907 intendunt
696 840 896 904 decuriones
926 861 1056 927 quoque
1086 840 1166 903 dicti
1223 838 1374 933 QVINQ.
1398 842 1440 923 (F
1444 841 1536 903 loren
1557 840 1621 905 tab.
1633 841 1702 909 Lll.
1721 856 1796 924 uq.
1817 845 1886 923 aa.)

414 960 492 1013 sunt
514 943 608 1031 quasi
631 957 811 1007 senatores.
843 944 900 1005 stc
919 940 1165 1007 vetuitGratia·
1285 942 1435 1005 Corinthi
1467 942 1636 1017 Achaious
1686 942 1805 1011 ilVlRL
1846 942 1973 1039 QVIN.

417 1070 495 1127 nus,
516 1040 750 1121 decurionem,
772 1045 851 1106 etsi
872 1045 919 1107 sie
937 1043 1003 1107 dici
1022 1056 1164 1127 oportet,
1221 1044 1337 1109 ITER.
1412 1100 1414 1109 ,

419 1150 530 1215 curiae
560 1167 637 1211 suae
668 1160 853 1209 senatorem
885 1146 1056 1208 tormentis
1091 1145 1166 1208 sub-
1284 1144 1513 1227 Emporiarona
1534 1146 1805 1211 Tarraconensiss
1828 1146 1874 1234 Q.

414 1252 451 1317 di
472 1256 514 1334 ⁸).
555 1249 717 1311 Nimirum
756 1249 785 1312 si
821 1249 903 1311 haee
936 1247 1004 1311 illis
1032 1248 1166 1311 nomine
1286 1246 1357 1309 Ilici
1373 1248 1642 1311 Tarraconensis:
1666 1247 1708 1341 Q.
1726 1249 1779 1312 vel
1795 1248 1916 1313 ttvm.
1927 1246 1975 1339 Q

414 1374 481 1417 uon
506 1351 642 1414 indulsit
665 1352 732 1433 jos,
758 1364 813 1413 aut
833 1348 1027 1433 permissus,
1051 1364 1085 1413 st
1104 1351 1167 1413 snl·
1286 1348 1400 1432 Leptis
1418 1350 1582 1431 Syrticae:
1605 1352 1673 1413 Pii.
1692 1349 1811 1443 Qvttt.

416 1470 483 1520 ten
510 1453 654 1517 muneris
679 1450 847 1527 adfinitas,
877 1472 940 1535 qua
968 1453 1096 1515 ratione
1125 1452 1165 1517 ab
1284 1451 1395 1514 Paesti
1410 1450 1590 1513 Lucaniae:
1614 1450 1701 1544 QVI.
1723 1451 1842 1546 QVIN.

311 1598 316 1607 ·
416 1558 560 1643 Apuleio
581 1554 731 1621 uidemus
757 1553 990 1639 quinquennali
1015 1553 1165 1619 Corinthi
1285 1552 1456 1619 valentias
1477 1555 1749 1618 Tarraconensis:
1774 1554 1815 1648 Q.

417 1660 526 1725 iaces
540 1657 644 1722 tribui
663 1656 707 1737 ¹³).
1285 1654 1372 1721 Vide
1398 1656 1478 1719 alios
1500 1655 1533 1717 in
1556 1655 1662 1717 nouis
1688 1656 1887 1720 incertarum
1917 1676 1977 1717 ur·

481 1762 650 1827 licitatum
670 1757 774 1821 fuisse
792 1777 951 1836 annuunt,
973 1778 1042 1820 non
1065 1756 1181 1821 modo·
1222 1754 1312 1820 bium
1332 1758 1420 1843 apud
1440 1758 1630 1821 Floreuium
1653 1758 1718 1823 tab.
1734 1760 1821 1827 Lvl.

416 1886 461 1931 oo
475 1862 662 1947 colligitur,
679 1858 768 1945 qnod
784 1859 1002 1923 nunonistnd
1017 1858 1167 1942 ejusdem
1484 1904 1506 1944 „
1588 1862 1609 1900 ⁴
1693 1905 1714 1944 „

417 1968 481 2031 init
496 1984 571 2030 cum
587 1965 812 2032 Romanorum
831 1962 1002 2026 consulatu
1018 1964 1167 2041 rationis,
1286 1960 1554 2054 Quinquennalea
1575 1982 1641 2025 non
1664 1959 1862 2025 differebant
1884 1983 1905 2024 a
1928 1962 1979 2023 ll·

417 2067 479 2131 sed
496 2067 595 2130 etiam
612 2062 704 2149 quod
718 2064 813 2127 llsiri
829 2063 946 2127 eodem
965 2065 1081 2143 modo,
1101 2087 1166 2152 quo
1223 2061 1303 2129 riri.
1323 2061 1514 2140 ordinariis,
1537 2064 1601 2127 nisi
1618 2064 1707 2148 quod
1724 2064 1758 2125 bi
1777 2064 1850 2127 fere
1871 2064 1980 2125 munt

418 2168 619 2232 Graecorum
633 2166 762 2229 orbium
777 2165 965 2243 archontes,
985 2183 1166 2251 pinoteren,
1224 2178 1371 2242 essent,·
1391 2164 1441 2227 illi
1476 2165 1698 2249 quinquennio
1737 2166 1789 2228 rei
1823 2185 1977 2229 summae

418 2270 565 2347 scribas,
592 2270 730 2333 iterasse
755 2269 977 2349 magisrrmnm
1000 2270 1035 2331 in
1057 2270 1165 2334 numia
1223 2280 1433 2350 praeessent,
1485 2266 1575 2350 quod
1596 2330 1601 2341 ,
1623 2266 1815 2351 comprobat
1860 2268 1977 2350 ipsum

418 2373 593 2455 leguntur,
619 2370 742 2455 scripto
765 2370 885 2439 ltvttt.
908 2366 1043 2450 ITER,
1072 2384 1109 2435 nt
1131 2372 1166 2434 in
1222 2368 1319 2430 etium
1344 2387 1411 2432 nou
1436 2388 1512 2431 raro
1536 2367 1681 2431 additum
1706 2390 1828 2431 nomen
1849 2370 1976 2435 nvffl.

418 2472 526 2535 uum
547 2470 699 2535 Corintbi
727 2470 940 2557 aliarumque.
981 2472 1051 2535 Sed
1077 2472 1165 2536 buno
1222 2472 1323 2535 Teste
1342 2469 1512 2555 spartiano
1536 2492 1634 2554 supra
1657 2469 1758 2533 citato
1785 2470 1976 2535 Hadriunus

418 2591 547 2636 morena
561 2591 630 2636 uon
644 2585 700 2635 ant
712 2571 852 2657 ubique,
876 2587 932 2637 aot
947 2593 1014 2636 non
1032 2593 1166 2657 semper
1221 2572 1255 2633 iu
1270 2570 1374 2655 patria
1389 2592 1445 2633 sue
1462 2572 1590 2653 (Italica
1602 2574 1772 2655 Baeticae)
1788 2574 1975 2659 quinqueu-

421 2672 619 2747 obtinuisse,
642 2687 777 2755 appnret
796 2695 836 2737 ea
856 2674 913 2752 iis,
934 2695 1017 2760 quau
1035 2676 1168 2739 disserit
1223 2674 1306 2737 uelis
1324 2673 1395 2738 tuit.
1426 2673 1538 2737 Fuere
1557 2673 1620 2739 siri
1638 2672 1800 2750 illustres,
1825 2674 1977 2758 Spnnbe-

419 2774 569 2839 Neritius
587 2776 631 2854 ο).
668 2774 706 2835 lu
727 2775 826 2837 variis
844 2776 980 2839 urbibus
997 2778 1166 2840 llriratum
1222 2776 1318 2851 osius,
1336 2774 1548 2850 Vaillantius,
1563 2775 1701 2859 aliique,
1720 2775 1775 2859 qui
1791 2776 1977 2860 quinqueu-

416 2876 522 2939 iuisse
560 2875 596 2936 in
636 2874 892 2960 quinquennium
935 2894 1166 2963 prorogatum,
1223 2877 1315 2942 nales
1341 2894 1407 2938 nen
1433 2858 1594 2941 summum
1618 2876 1719 2941 inisse
1744 2878 1779 2938 in
1801 2878 1885 2940 urbe
1907 2898 1978 2940 ma·

281 2970 285 2976 ’
421 2976 571 3061 proxime
592 2973 773 3041 docebitur.
848 3033 854 3042 ,
1223 2980 1393 3063 gistratum
1420 2980 1631 3055 adsererent,
1659 2979 1720 3043 sed
1747 2978 1878 3041 sanctos
1905 3000 1978 3040 nnn·

483 3081 536 3143 De
556 3090 741 3171 poteptate,
764 3078 1007 3161 jurisdictione,
1035 3082 1166 3147 bonori-
1225 3101 1307 3144 nere
1330 3082 1500 3159 censorio,
1531 3080 1619 3169 qnod
1641 3095 1677 3142 ut
1697 3084 1853 3157 Romae,
1867 3080 1917 3145 sic
1937 3095 1978 3143 et

418 3180 496 3257 bus,
527 3180 692 3244 electione
714 3176 911 3257 llvirornm,
941 3195 1009 3243 tons
1033 3198 1067 3245 et
1090 3184 1168 3247 reli·
1225 3183 1258 3243 ia
1288 3183 1427 3247 coloniis
1449 3198 1484 3247 et
1505 3183 1689 3267 municipiis
1713 3172 1864 3245 'veniente
1887 3179 1997 3243 aono'

275 3294 282 3315 ·
369 3304 373 3309 ·
420 3302 561 3368 quorun
578 3282 824 3367 magistratuum
842 3282 1103 3365 municipalium,
1124 3285 1165 3349 de
1223 3284 1266 3353 V·
1296 3286 1448 3349 renovari
1478 3286 1662 3349 commitit·
1699 3284 1744 3346 Ᾱῑ
1774 3284 1863 3346 θῑῑῖῐῦ
1898 3296 1977 3365 9⁰⁸⁸

421 3382 538 3467 quibus
576 3384 732 3448 continno
768 3404 921 3466 agemus,
958 3384 1034 3451 side
1070 3387 1167 3451 Nori·
1223 3386 1395 3451 observata
1423 3387 1571 3449 Floreaii
1595 3389 1624 3467 ε)
1640 3368 1709 3451 =nix
1737 3386 1801 3467 jum
1832 3384 1976 3467 amplius

420 3488 503 3548 sinus
526 3484 574 3564 d),
596 3498 631 3547 et
648 3500 801 3550 suctores
814 3486 859 3549 ab
876 3505 918 3551 eo
937 3487 1063 3555 citatos.
1224 3496 1398 3569 superesse
1418 3488 1587 3564 existimo,
1616 3488 1672 3573 qui
1691 3487 1876 3551 sententiae
1898 3487 1976 3549 buic

1224 3588 1316 3652 volet
1357 3604 1525 3670 praestare
1567 3589 1751 3654 adsensum.
1803 3588 1977 3653 Habemus

534 3719 568 3810 ᾗ.
582 3723 625 3787 IL
645 3722 751 3790 [Im-tp
771 3722 1049 3807 Qut-„quemlu-
1222 3690 1399 3765 Caesones,
1425 3691 1481 3775 qui
1503 3692 1600 3755 variis
1621 3692 1656 3753 in
1680 3690 1815 3754 urbibus
1835 3691 1975 3753 bonoria

1223 3811 1319 3855 causa
1347 3810 1421 3855 esse
1445 3791 1704 3877 quinquennales
1726 3816 1793 3857 non
1818 3806 1895 3855 sunt
1917 3790 1975 3853 de·

484 3890 612 3953 Horum
629 3889 668 3951 lit
684 3887 808 3950 mentio
825 3888 860 3949 in
876 3890 983 3953 nornis
1223 3892 1358 3975 dignati.
1393 3893 1444 3955 An
1463 3893 1668 3981 verisimile,
1685 3907 1898 3977 suscepturos
1915 3913 1975 3955 eos

484 3989 638 4053 Buthroti
653 3988 766 4072 Epiris
788 3989 1166 4086 ttvttt.stt.Qv1tt.
1221 3992 1325 4059 inisse
1354 4018 1489 4074 munus,
1525 3997 1614 4081 quod
1644 3996 1678 4058 in
1708 3996 1791 4059 urbe
1821 3996 1972 4080 quapiam

422 4090 538 4153 trun.
558 4118 562 4124 ’
580 4092 657 4155 rel:
711 4088 865 4187 Q’VINQ.
907 4094 1040 4157 uultu.
1089 4097 1165 4162 ret-2
1222 4117 1288 4160 non
1311 4096 1438 4163 luisset*
1450 4097 1685 4181 praecipuum?
1718 4099 1820 4182 Atqui
1847 4110 1884 4159 nt
1906 4099 1975 4159 Ro·

416 4193 542 4287 QVIN-
563 4194 653 4255 PER
671 4226 688 4244 ·
705 4226 720 4243 ·
740 4224 786 4259 ⁸·
867 4248 874 4259 .
1221 4220 1294 4264 mae
1316 4202 1509 4287 censoribus
1530 4204 1702 4286 praeibant
1722 4201 1897 4277 consules,
1923 4199 1974 4263 sio

478 4293 689 4377 Cartbsginia
728 4295 844 4358 Novas
886 4296 1162 4363 Tarraconensist
1221 4314 1255 4363 et
1278 4302 1313 4363 in
1337 4303 1476 4365 coloniis
1499 4304 1594 4366 liviri
1617 4303 1745 4367 altioris
1767 4314 1863 4364 erant
1885 4301 1975 4367 ordi·

422 4392 540 4460 nvut.
570 4394 614 4486 Q.
642 4395 716 4457 vole
757 4396 877 4465 llVlll.
905 4396 1059 4493 QVlNQ.
1089 4400 1163 4467 vele
1221 4402 1289 4481 uis,
1320 4420 1414 4488 quam
1445 4405 1793 4489 quinquennalemin
1824 4406 1886 4471 bas
1916 4422 1977 4466 so

422 4492 539 4559 HVlil.
561 4493 745 4589 QVINQV·
1079 4532 1083 4541 ·
1220 4526 1294 4567 rom
1322 4506 1471 4571 doctrine
1499 4527 1667 4572 censores.
1703 4506 1847 4570 Possum
1872 4505 1906 4569 in
1933 4526 1976 4569 ru

453 4713 491 4781 ι)
511 4712 891 4794 collucentes
989 4722 1025 4798 s)
1046 4726 1443 4809 nunnunquam.
1535 4738 1566 4807 e)
1586 4734 1974 4811 cernennentes.
2049 4716 2057 4731 '

419 4814 501 4873 nn.
517 4809 561 4860 so.
652 4804 687 4879 a)
706 4806 763 4866 a..
856 4818 889 4885 ι)
907 4812 977 4873 ut.
994 4826 1082 4893 pso.
