4292 5467
425 640 493 709 ιη
1026 614 1385 691 cesenaten.

520 792 568 857 11.
592 790 697 857 Nemi
715 790 920 875 Cyrenaicae
943 789 1065 870 regiae.
1515 778 1553 846 tl
1562 800 1586 845 u
1595 800 1629 845 m
1640 784 1678 847 i:

484 994 536 1058 De
556 994 663 1059 nemis
679 992 892 1074 Demonaoti,
915 986 1031 1071 netto,
1054 998 1090 1055 et
1104 990 1167 1055 Ar·
1285 986 1360 1050 Non
1379 986 1435 1051 hie
1459 998 1584 1071 repeto
1605 1002 1723 1051 nomos
1750 1000 1873 1047 aeneos
1895 996 1973 1042 enm

421 1096 562 1175 aeoliae,
585 1096 641 1181 qai
660 1096 736 1181 Cyri
758 1110 864 1163 aetate
878 1096 1098 1180 'cyrenaicam
1113 1113 1169 1158 re·
1222 1090 1329 1173 eapite
1356 1089 1559 1169 Berenices,
1587 1108 1671 1175 qnae
1695 1086 1758 1152 init
1785 1080 1973 1148 Ptolemaei

422 1218 519 1276 xero,
536 1216 710 1283 perperam
722 1198 854 1263 tributis
869 1198 978 1284 paullo
991 1218 1090 1281 sopra
1101 1194 1171 1277 egi·
1225 1192 1252 1257 t.
1275 1191 1401 1255 Soteris
1418 1210 1521 1268 ozor,
1543 1206 1577 1255 at
1593 1192 1715 1275 lingas*
1727 1188 1834 1252 nostri
1855 1196 1973 1258 matct‘,

422 1320 503 1361 mus.
548 1296 614 1392 Qui
638 1314 834 1387 sequuntur,
870 1318 942 1362 cnm
969 1299 1168 1361 Ptolemaeis
1226 1306 1281 1355 aot
1304 1311 1382 1356 eom
1403 1294 1511 1377 capite
1529 1290 1712 1359 Ptolemaei
1723 1292 1770 1356 «ΙΙ.
1807 1285 1976 1367 Philadel-

418 1412 617 1485 aongruunt,
1225 1394 1305 1478 phi,
1337 1414 1421 1481 qnos
1455 1394 1532 1462 ride
1569 1396 1604 1457 in
1631 1394 1801 1478 utriusque
1830 1400 1976 1464 moneta,

1225 1515 1374 1582 quosque
1390 1496 1423 1558 in
1437 1496 1614 1580 Cyrenaica
1627 1510 1662 1559 et
1677 1517 1696 1556 a
1706 1496 1803 1576 Maga
1815 1491 1973 1574 signatos,

676 1643 711 1700 Μ
734 1638 763 1699 Α
785 1640 813 1699 G
838 1642 864 1701 Α
888 1640 919 1700 S·
1225 1619 1268 1663 ex
1291 1583 1446 1662 adstitoto
1473 1611 1751 1682 monogrammate
1774 1589 1896 1660 Mar.
1929 1591 1979 1653 io·

1221 1700 1334 1785 telligt
1354 1700 1433 1767 dixi.

488 1804 590 1889 Regis
612 1806 708 1889 hujus
733 1805 902 1871 historiam
922 1826 961 1871 ac
980 1822 1097 1868 nomos
1119 1823 1170 1867 so·
1294 1806 1402 1883 Caput
1417 1806 1507 1886 regis
1522 1796 1767 1868 diadematum,
1799 1792 1977 1883 ΣΒᾼΣΙ-

424 1906 481 1968 lita
500 1906 685 1970 eruditione
703 1926 740 1971 ae
759 1906 958 1991 perspicacia
975 1907 1172 1991 conscripsit
1225 1898 1379 1969 ΔΕΩΣ.
1393 1899 1502 1967 Mar
1502 1904 1546 1966 A.
1571 1905 1679 1987 capue
1692 1903 1854 1965 muliebre
1864 1900 1977 1960 diade»

425 2009 574 2072 literatae
592 2008 716 2072 Galliae
738 2010 865 2093 insigne
889 2008 1050 2093 quondam
1070 2006 1170 2071 decos
1229 2018 1355 2067 matum
1376 2005 1634 2087 dependentibus
1650 2006 1830 2069 cincinnis·
1852 1996 1924 2061 ΔΕ.
1936 1998 1979 2062 ll.

425 2109 604 2192 Belleyus,
635 2130 709 2173 cnm
726 2111 871 2176 nobilem
897 2114 1111 2195 amethystum
1130 2130 1173 2174 ex
1203 2096 1421 2191 (Peliacis.)

426 2232 541 2275 moseo
557 2212 657 2275 Ducis
668 2212 913 2277 Aurelianensis
935 2215 1171 2297 promulgaret,
1293 2208 1391 2291 Cujus
1410 2208 1452 2270 ait
1465 2220 1563 2293 ceput
1575 2208 1707 2295 regium
1721 2206 1824 2293 partia
1840 2204 1978 2281 ration,

426 2312 480 2376 cni
494 2311 689 2395 insculptum
703 2329 799 2397 caput
810 2318 925 2396 Magne
941 2314 1089 2378 imberbe
1108 2314 1174 2379 dia·
1230 2310 1489 2375 examinandam.
1531 2311 1616 2374 Satis
1636 2322 1794 2394 apparet,
1817 2306 1979 2372 creditum

428 2414 613 2489 damatam,
644 2428 678 2476 et
699 2434 801 2477 cornu
824 2416 992 2479 Ammonis
1015 2416 1174 2479 munitam
1220 2410 1444 2490 fellerinio,
1465 2432 1539 2477 esse
1566 2426 1663 2496 capnt
1680 2414 1809 2495 Magne.
1851 2409 1981 2475 Verum

428 2512 572 2595 subjecta
590 2514 768 2598 epigraphe
782 2510 978 2592 ΜΑΓΑΣ,
1001 2532 1036 2579 at
1053 2517 1174 2601 silphio
1230 2513 1348 2575 collata
1370 2533 1500 2596 gemma
1521 2533 1618 2597 snpra
1646 2515 1766 2591 citata,
1797 2532 1882 2597 qnae
1909 2530 1983 2573 eer-

428 2615 526 2676 iaciei
554 2613 707 2678 adstitnto
733 2617 771 2697 ⁸.)-
816 2615 895 2697 Ejus
926 2614 1096 2681 historiam
1126 2618 1173 2683 sie
1227 2628 1299 2679 tum
1320 2614 1415 2697 hujus
1434 2616 1525 2697 regis
1546 2628 1643 2697 capnt
1659 2616 1762 2691 sistit,
1790 2634 1854 2697 per
1872 2611 1983 2674 direr-

429 2715 540 2797 paueis
557 2716 696 2779 habetor
1222 2716 1356 2780 sissima
1372 2718 1438 2779 oris
1460 2717 1656 2780 lineamenta
1679 2717 1740 2782 viri
1763 2713 1885 2778 eruditi
1907 2730 1983 2774 sen·

362 2800 368 2807 '
492 2816 569 2879 aton
589 2816 675 2879 ana
696 2818 840 2901 eatnppt
863 2820 1040 2903 cujuspiam
1064 2816 1175 2881 nasce-
1230 2821 1353 2905 renatae
1391 2816 1544 2880 atatam
1577 2818 1684 2903 cogn.
1727 2818 1821 2881 raam
1841 2812 1985 2878 Petteri·

431 2918 526 2981 donis
551 2918 689 3001 ignobili
712 2916 787 2980 loco
812 2920 896 2997 nati,
925 2935 962 2984 et
984 2921 1175 2997 Berenices,
1231 2923 1305 2984 nius
1337 2933 1433 3003 capot
1466 2938 1601 2983 eversae
1637 2940 1713 2981 ease
1750 2916 1863 2981 uxoris
1894 2920 1986 3000 Apa·

429 3020 541 3082 alteris
558 3020 677 3101 nuptiis
695 3021 887 3083 Ptolemaeo
905 3022 1014 3083 Soteri
1034 3022 1175 3105 junctae.
1232 3043 1304 3086 anes
1323 3023 1495 3086 existimat.
1525 3021 1593 3084 Sed
1609 3042 1718 3105 neque
1735 3020 1823 3084 istud
1839 3018 1984 3084 adridet.

429 3120 502 3209 Hic·
516 3123 615 3185 Soter
644 3122 864 3203 subjiciendae
895 3116 957 3183 atb't
979 3124 1176 3205 Cyrenaicae
1232 3124 1412 3185 Enimvero
1437 3124 1565 3205 capit-a,
1603 3144 1687 3207 qaae
1705 3136 1788 3185 sant
1811 3122 1852 3184 in
1882 3142 1984 3183 nomo

429 3224 590 3297 intentas,
620 3224 672 3285 cui
694 3222 833 3305 primunt
858 3222 1018 3286 Thimbro
1040 3224 1178 3306 Harpali
1234 3239 1426 3309 praesente,
1458 3225 1542 3287 adeo
1573 3234 1649 3291 aunt
1672 3224 1790 3286 similia
1804 3224 1983 3308 capitibus,

430 3324 580 3407 pecuniis
597 3323 741 3405 adjutus,
765 3324 883 3387 deinde
893 3324 1060 3409 ¹Ophellns
1077 3325 1178 3387 liber·
1232 3346 1316 3409 quas
1339 3324 1484 3388 offerunt
1505 3327 1598 3386 numi
1622 3315 1718 3387 aenei
1739 3326 1892 3409 inseripti
1908 3324 1986 3387 BA·

432 3439 530 3488 tatem
550 3426 755 3503 ademerant,
777 3426 905 3508 Magum
924 3427 1107 3510 privignum
1127 3426 1178 3489 illi
1233 3421 1436 3489 ΣΙΛΕΩΣ.
1460 3422 1821 3503 monentem„
1844 3438 1928 3513 qnos
1952 3427 1987 3487 io

430 3528 572 3609 primum
594 3526 815 3609 expeditioni,
846 3527 965 3591 deinde
987 3548 1060 3590 cum
1082 3547 1176 3591 reae
1233 3540 1364 3590 moneta
1388 3528 1632 3604 Ptolemae,
1660 3528 1751 3613 qnod
1772 3529 1851 3591 huie
1875 3551 1894 3592 a
1914 3530 1987 3613 plo·

431 3642 510 3691 voto
531 3628 702 3705 cessisset,
723 3628 853 3708 regioni
871 3643 983 3711 captae
1006 3629 1176 3711 praefecit.
1232 3632 1344 3713 risque
1369 3628 1469 3690 tribui
1495 3628 1625 3704 solent,
1657 3631 1813 3708 recitavi,
1842 3644 1899 3708 nt,
1930 3630 1988 3713 qui

432 3730 514 3795 Cum
537 3728 592 3789 din
619 3730 652 3789 in
673 3728 782 3790 oilicio
807 3729 1058 3810 permansisset,
1081 3730 1177 3814 regni
1234 3750 1274 3793 ea
1294 3730 1495 3793 contendere
1518 3732 1633 3809 volet,
1661 3730 1801 3795 inficiari
1822 3752 1891 3795 non
1912 3752 1988 3815 poe

433 3834 504 3915 ipse
518 3817 947 3911 cupidnsairatreattcrino
959 3828 1177 3913 Philadelpho
1234 3832 1294 3909 sit,
1317 3851 1390 3894 esse
1415 3831 1449 3892 in
1470 3834 1618 3918 utrisque
1642 3833 1769 3898 eadem.
1813 3837 1858 3897 At
1878 3834 1914 3895 in
1934 3832 1988 3893 ltin

433 3932 627 3995 Ptolemaeo
648 3927 776 4005 delicit,
805 3949 842 3991 sc
865 3944 1056 4011 praeparato
1079 3934 1181 3994 ntrin·
1237 3947 1333 4016 capot
1355 3933 1481 3997 naticae
1503 3955 1576 3999 esse
1601 3936 1718 4020 nequit
1741 3937 1834 4020 regis
1853 3938 1988 4019 Magne,

435 4056 498 4119 quc
520 4032 645 4115 magnis
667 4028 781 4091 animis
802 4028 892 4091 hello
914 4031 1044 4094 tandem
1070 4032 1104 4093 in
1127 4056 1181 4117 pa·
1223 4036 1349 4118 majos,
1369 4048 1407 4097 ut
1422 4035 1509 4112 dixi,
1532 4036 1696 4100 diversam
1716 4036 1866 4123 effigiem
1886 4036 1991 4099 offert

434 4137 483 4198 eia
502 4134 705 4198 conditiones
726 4131 801 4193 itur.
844 4132 1083 4211 Mortuusest,
1105 4156 1179 4198 cum
1235 4138 1457 4220 amethyston
1487 4158 1596 4222 neque
1629 4160 1703 4202 esse
1732 4152 1850 4223 potest
1875 4138 1990 4202 Ptolo·

436 4235 646 4317 cyrenaicam
683 4232 772 4315 ipsos
810 4252 911 4295 annos
947 4234 987 4296 L.
1025 4235 1178 4315 rexisset,
1235 4240 1321 4301 maci
1337 4240 1380 4315 1.,
1411 4260 1485 4301 nam
1516 4253 1583 4301 tom
1605 4254 1704 4324 capnt
1731 4262 1867 4306 eversae
1899 4254 1991 4303 esset

435 4336 479 4402 V.
499 4338 536 4399 C.
559 4336 633 4418 498.
656 4342 695 4397 Α.
714 4334 755 4396 X.
776 4332 847 4397 neo.
1236 4338 1306 4422 ejus
1323 4341 1434 4401 uxoris
1450 4342 1649 4420 Berenices,
1673 4342 1732 4405 sed
1753 4341 1852 4426 hujus
1869 4363 1991 4405 nomes

500 4438 551 4498 Ex
573 4456 676 4498 uxore
693 4436 814 4517 Apnme
833 4434 1029 4519 Antiochii.
1053 4438 1179 4502 Soteris
1228 4455 1345 4504 certus
1360 4442 1463 4505 molto
1478 4442 1697 4511 divensem-et
1712 4446 1838 4509 voltum
1856 4458 1893 4508 et
1905 4446 1994 4529 oapi·

437 4536 503 4601 lilia
542 4536 654 4620 genuit
686 4536 866 4599 Bereniceo
899 4538 1091 4603 Ptolemaeo
1123 4544 1178 4627 111,
1236 4542 1277 4603 tis
1298 4542 1420 4606 coitum
1440 4544 1550 4610 offert.
1592 4548 1773 4636 Reliquum
1793 4563 1866 4627 ost,
1896 4562 1933 4611 ot
1957 4550 1992 4610 in

437 4640 622 4721 Erergetee
640 4648 781 4719 nuptam.
1196 4644 1205 4652 ‘
1235 4644 1406 4730 utriusque
1423 4647 1474 4711 his
1486 4648 1593 4712 nomia
1611 4664 1709 4735 eaput
1727 4651 1854 4715 antieae
1869 4652 1994 4716 tribua·

475 4854 502 4917 a:
526 4848 558 4902 n.
575 4848 605 4901 1..
625 4848 658 4901 r.
677 4846 805 4905 xxxvl.
826 4848 894 4905 ata.
913 4868 942 4923 p.
961 4860 1000 4912 tn.
