4292 5467
471 644 546 723 202,
873 659 877 669 ·
1104 627 1297 706 carun
1327 629 1388 699 111.
1496 581 1500 586 “

470 809 674 879 immutatus,
698 816 731 866 et
753 800 910 866 aliorsum
932 801 1111 876 derivatas,
1135 799 1234 864 baud·
1274 803 1355 884 jugo
1377 813 1569 881 exemptae,
1601 811 1661 862 aut
1681 800 1721 861 ob
1747 799 1886 880 aliquod
1910 813 2009 858 earum

472 906 613 990 perinde
641 919 779 969 certum.
829 901 926 970 Ratio
955 897 1127 969 dubitandi
1160 917 1223 979 est,
1278 907 1433 965 meritum
1455 907 1493 964 in
1513 904 1555 964 P.
1574 901 1616 972 tt,
1638 903 1693 966 oei
1719 904 1760 965 ob
1781 903 2011 982 cognationem,

474 1007 549 1093 qssis
577 1006 727 1073 ridemus
755 1025 823 1071 non
853 1027 930 1072 raro
957 1019 1022 1070 tam
1050 1005 1087 1068 in
1115 1007 1221 1068 numia
1278 1007 1367 1067 sicut
1397 1003 1567 1098 tttenses,
1594 1021 1731 1067 suarum
1746 1003 1889 1086 legum,
1916 1003 2011 1080 patrii

473 1107 775 1193 marmoribusque,
804 1129 900 1196 qaam
926 1107 1013 1193 apud
1041 1107 1221 1192 scriptores
1278 1108 1518 1188 magistratus,
1547 1107 1695 1190 regionis
1714 1107 1818 1168 etiarn
1839 1106 1908 1166 siue
1931 1119 2014 1181 agro·

471 1225 626 1289 veteres,
647 1211 795 1276 civitates
810 1209 889 1274 alias
904 1207 1043 1274 seorsim
1059 1209 1123 1273 dici
1138 1207 1223 1272 eiuro·
1280 1227 1352 1268 rum
1370 1207 1558 1270 libertatem
1575 1227 1597 1270 a
1613 1207 1774 1270 Romanis
1787 1203 2013 1282 consequeban-

473 1333 580 1393 sonae,
599 1311 731 1394 iegibus
756 1317 828 1374 suis
847 1313 1011 1387 uiuentes,
1041 1309 1119 1374 alias
1140 1311 1221 1373 ἕλευ·
1279 1320 1356 1382 tur,
1377 1291 1461 1388 quae
1485 1309 1621 1392 singula
1646 1309 1753 1370 tribus
1776 1307 1868 1368 hisee
1892 1305 2015 1368 vocibus

473 1415 589 1491 Seque,
618 1413 766 1489 liberas,
794 1424 829 1474 at
863 1410 952 1498 quod
988 1411 1126 1496 amplius
1160 1425 1221 1484 eat,
1277 1409 1540 1492 complectuntur
1564 1404 1686 1474 Graeci
1717 1421 1897 1472 auctores:
1930 1427 2016 1492 sonu,

473 1529 649 1601 utrumque
676 1510 764 1575 istud
789 1512 934 1597 elogium
963 1511 1021 1575 nni
1045 1509 1219 1598 eidemque
1276 1515 1445 1601 πολρτειαν,
1466 1511 1521 1576 sei
1535 1513 1719 1594 πολιτωμα,
1735 1523 1768 1572 et
1782 1527 1897 1592 χωραυ.
1920 1509 1963 1570 Et
1978 1507 2017 1567 in·

475 1614 661 1686 civissenin
690 1612 810 1677 eodem
836 1627 1068 1692 monumento,
1099 1616 1154 1678 vel
1183 1616 1224 1678 ab
1280 1613 1331 1678 ira
1347 1619 1398 1696 ο)ι
1430 1613 1515 1676 Erat
1536 1615 1624 1676 enirn
1647 1614 1729 1675 haec
1750 1613 1948 1673 autonomio
1975 1611 2021 1672 uel

475 1714 597 1780 eudem
617 1712 780 1800 scripiorc
808 1714 936 1797 tribui3
964 1735 1005 1779 ex
1032 1735 1097 1802 qua
1116 1716 1225 1799 seqni-
1277 1717 1459 1797 praecipua
1473 1735 1554 1797 pars
1573 1699 1740 1779 libertatis
1755 1732 1870 1797 easttm
1888 1713 2018 1786 urbium,

475 1831 549 1896 tur,
571 1816 737 1882 diversum
755 1817 858 1882 fusse
875 1819 1043 1902 utriunque
1065 1817 1225 1894 valorem,
1281 1809 1365 1898 quae
1375 1817 1563 1896 ceteroquin
1573 1827 1671 1878 erant
1679 1815 1947 1879 inliomanorurn
1945 1811 2020 1898 fide,

431 1929 437 1941 ’
475 1919 542 1981 nisi
567 1918 706 1984 velimus
736 1929 911 2005 utrumque
945 1903 1049 1984 obisse
1071 1921 1225 2002 cornuc—
1280 1921 1317 1983 in
1327 1939 1365 1981 eo
1380 1920 1498 2001 quippe
1512 1921 1653 1994 sita,ut
1666 1917 1800 1980 eaedem
1814 1919 1889 1979 suis
1903 1915 2022 1996 legibus

476 2038 544 2083 tum
561 2017 760 2084 existimare.
804 2020 859 2084 sie
878 2021 1033 2100 Sebaste,
1048 2022 1152 2086 insule
1173 2021 1224 2084 ci·
1281 2021 1628 2102 uterentur,proprios
1637 2030 1788 2082 crearent
1798 2023 2021 2099 magistratus,

476 2122 573 2186 liciae
601 2119 772 2204 adjacens,
801 2121 922 2185 dicitur
950 2125 984 2185 in
1017 2125 1122 2188 cumis
1146 2121 1228 2186 ΛΤ·
1282 2142 1303 2184 a
1319 2115 1439 2201 quibus
1452 2141 1565 2208 nempe
1580 2121 1637 2198 jus
1658 2123 1722 2197 iis,
1743 2139 1810 2181 non
1827 2139 1850 2180 a
1868 2119 2022 2182 Romanis

480 2221 650 2304 TONonor
679 2215 942 2285 ΕΛΕΤΘΕΡΆ.
985 2224 1119 2310 Mopsus
1149 2211 1224 2288 'cirt-
1282 2223 1465 2286 reotoribus
1475 2223 1658 2296 diceretur,
1672 2239 1834 2303 agrosque
1847 2241 1927 2282 suos
1938 2239 2024 2301 proe-

477 2325 548 2388 ciae
561 2325 596 2385 iu
607 2337 687 2388 noto
702 2343 865 2386 marmore
877 2321 1075 2389 Gruteriauo
1085 2324 1227 2391 EAET·
1283 2335 1375 2386 terea
1384 2324 1438 2386 uel
1446 2325 1586 2405 oppida,
1597 2342 1683 2405 auae
1697 2335 1795 2385 erant
1808 2323 1848 2384 in
1858 2341 1970 2384 eorum
1981 2323 2022 2380 di-

480 2423 606 2486 ΘΕΡΑ
638 2459 653 2474 ·
685 2457 699 2474 ·
729 2459 743 2474 ·
777 2423 871 2486 ΚΑΙ.
911 2420 1224 2492 ΑΤΤΟΝΟΜΟΣ.
1284 2427 1391 2500 tione,
1420 2428 1622 2502 retinerent,
1650 2443 1673 2485 a
1698 2424 1926 2488 Romanorum
1954 2444 2024 2482 uero

478 2525 607 2588 Eodem
622 2523 722 2588 modo
734 2525 853 2610 passius
866 2527 951 2610 apud
967 2541 1135 2608 auctores,
1153 2549 1228 2612 per·
1279 2526 1462 2607 praesidiis
1471 2539 1580 2588 essent
1590 2525 1689 2608 uulgo
1701 2530 1865 2588 immunes
1874 2536 1934 2587 ete.
1948 2523 2025 2586 Cum

480 2627 611 2691 missam
626 2625 757 2710 populis
775 2625 869 2690 victis
882 2623 1057 2708 incursurus
1076 2653 1124 2692 eas
1143 2627 1228 2694 ἆυτο-
1286 2621 2045 2711 Slrssuheurioiereconsentitsibbss(instead).¹

481 2751 601 2814 tonsus,
624 2742 659 2792 et
681 2725 813 2792 obvium
836 2727 920 2812 apud
942 2730 1121 2814 scriptores
1141 2733 1229 2798 Lari·
1286 2726 1692 2795 Secundumiailiantium
1707 2731 1737 2811 ο)
1750 2724 2028 2793 autonomisurbi·

480 2851 561 2894 nos:
584 2835 621 2894 in
636 2833 794 2893 libertate
811 2844 935 2923 ¹essent,
960 2853 1000 2892 oo
1015 2835 1145 2916 tegibus
1158 2839 1230 2900 suis
1286 2833 1347 2898 bns
1363 2827 1494 2916 legibus
1509 2829 1576 2892 anis
1594 2829 1642 2892 uti
1658 2830 1854 2912 permissum
1872 2841 1958 2904 erat,
1974 2826 2029 2888 sed

480 2945 669 3009 uterentur,
691 2944 724 2994 et
740 2931 868 2994 similia«
1287 2948 1380 3000 erant
1396 2932 1595 3015 vectigales3
1610 2943 1642 2996 at
1659 2929 1817 3013 ἕλευθεραι
1831 2931 2030 3001 dicebantur,

545 3033 582 3096 Si
599 3053 700 3117 ergo,
719 3032 807 3118 qnod
824 3033 917 3118 sequi
930 3033 1006 3098 inde
1023 3034 1168 3112 videtur,
1183 3037 1232 3100 ti·
1287 3055 1370 3122 quae
1388 3035 1514 3098 nullum
1531 3035 1664 3098 omnino
1679 3033 1821 3116 vectigal
1839 3031 2030 3116 penderent.

483 3136 598 3198 stincta
627 3133 690 3198 suit
719 3135 889 3219 utriusque
919 3138 1022 3212 ratio,
1052 3121 1233 3222 quaeritur,
1288 3135 1409 3204 Contra
1426 3137 1538 3220 Scipio
1555 3133 1708 3219 Maffejua
1728 3136 1856 3200 censuit
1875 3133 1927 3216 f),
1948 3146 2034 3196 auto·

484 3237 564 3321 quid
585 3251 725 3319 utroque
749 3239 883 3300 nomine
911 3237 1117 3303 intellectum
1143 3254 1232 3304 rete·
1288 3261 1401 3305 nomas
1419 3239 1517 3302 urbes
1534 3257 1625 3315 esse,
1643 3258 1725 3324 quae
1741 3237 1871 3323 iegibus
1888 3237 1954 3300 suis
1970 3249 2036 3298 ute-

485 3339 586 3404 ribus.
631 3335 772 3414 Variae,
802 3354 839 3400 nt
867 3339 901 3399 in
925 3358 962 3402 re
989 3339 1135 3418 incerta,
1164 3343 1232 3406 vul·
1288 3357 1423 3416 rentur,
1451 3354 1484 3404 at
1508 3339 1647 3416 liberas,
1669 3359 1752 3424 qnae
1774 3361 1793 3401 a
1816 3337 1978 3422 praesidis
1999 3339 2036 3398 R.

381 3489 388 3500 ,
486 3457 578 3525 gatae
597 3442 788 3505 sentenciae.
823 3440 1038 3525 spanhemius
1059 3443 1093 3506 in
1112 3435 1171 3506 suo
1189 3442 1231 3507 dc
1289 3443 1513 3529 jurisdictione
1527 3455 1639 3505 essent
1651 3443 1823 3506 immunes.
1846 3441 2038 3504 Postremus

485 3545 682 3624 praestantia
693 3557 867 3606 numerum
885 3563 987 3625 opere
1003 3551 1032 3626 ⁸)
1047 3558 1080 3608 et
1094 3545 1232 3609 subinde
1289 3546 1436 3611 eruditus
1458 3543 1615 3626 Belleyus
1635 3539 1785 3607 refutatio
1810 3541 1962 3605 amnibus
1990 3543 2040 3602 his

486 3645 590 3707 multo
612 3640 766 3707 disertius
791 3645 824 3706 iu
846 3645 1018 3729 praeclaro
1045 3667 1106 3711 suo
1135 3648 1232 3727 libro,
1290 3647 1461 3711 sententiis
1484 3666 1575 3710 suam
1598 3647 1768 3730 propinat,
1799 3645 1892 3726 cujus
1914 3665 2040 3706 summa

421 3759 429 3808 t
486 3745 543 3829 qui
567 3745 664 3809 Orbis
685 3747 859 3808 Romanus
881 3747 1085 3826 inscribitur,
1108 3751 1235 3832 (Euan
1291 3762 1341 3813 est
1355 3753 1407 3828 s):
1430 3750 1581 3826 Constat,
1604 3749 1704 3812 urbes
1726 3769 1791 3810 non
1811 3767 1928 3830 peuces
1948 3767 2042 3830 prae

487 3847 574 3911 citat.
590 3846 631 3910 ss.
653 3843 1232 3935 intascsp.tx.usquesdxv1.)
1289 3864 1342 3916 ter
1364 3849 1559 3933 (ὶυτονομιαν,
1588 3871 1649 3913 sen
1676 3851 1725 3932 jus
1751 3849 1883 3934 iegibus
1906 3849 1975 3911 suis
2001 3850 2044 3910 si·

486 3947 618 4011 nullasu
640 3945 715 4010 iere
741 3949 829 4010 inter
857 3963 1031 4036 utrumque
1057 3951 1234 4018 discrimen
1292 3951 1409 4029 nendi,
1430 3949 1564 4038 adeptas
1587 3955 1684 4016 etiam
1709 3949 1870 4030 ἀτελειαη
1900 3971 1962 4014 seu
1987 3951 2045 4012 im·

489 4049 646 4134 aguoscit.
688 4049 770 4130 Ejus
793 4043 939 4114 aientem
962 4073 1004 4116 ex
1025 4053 1109 4118 binis
1133 4055 1234 4120 Orbis
1292 4057 1480 4118 munitatem
1522 4077 1548 4132 a,
1574 4054 1704 4118 tributis
1743 4069 1777 4117 et
1811 4053 2044 4136 vectigalibus.

374 4191 378 4199 ι
488 4153 528 4213 R.
553 4153 636 4216 locis
664 4151 760 4235 piane
784 4153 963 4236 intelliges.
1006 4157 1166 4234 Liberae,
1188 4159 1236 4220 in·
1292 4157 1464 4221 Existimat
1479 4157 1597 4241 igitur,
1629 4158 1711 4219 banc
1734 4158 1956 4219 autonomiam
1984 4179 2049 4218 una

490 4253 559 4338 quit
573 4251 605 4335 ¹‘)
627 4266 743 4336 gentes
768 4277 789 4317 a
810 4256 974 4318 Romanis
996 4261 1128 4332 dietae,
1152 4269 1235 4339 quac
1292 4282 1366 4326 cum
1392 4260 1475 4322 dicta
1494 4260 1695 4324 immunitate
1717 4257 1926 4322 constituisse
1952 4258 2049 4330 illusi,

362 4417 371 4424 ,
491 4356 545 4416 uel
557 4355 644 4417 bello
661 4361 785 4430 uictae,
803 4357 857 4418 uel
866 4378 977 4420 eorum
990 4381 1090 4442 opera
1105 4363 1235 4425 alienae
1294 4362 1380 4447 quod
1399 4363 1519 4426 Graeci
1542 4362 1711 4440 ἐλευθεριαν
1730 4360 1868 4439 dixere3
1891 4381 1959 4442 qao
1980 4361 2051 4444 qui·

489 4460 752 4534 dominationis,
784 4462 841 4519 oui
873 4471 977 4523 antea
1010 4462 1235 4541 subjacebant,
1290 4464 1369 4527 ‘dem
1392 4465 1568 4550 priniiegio
1596 4483 1709 4528 verum
1733 4461 1910 4526 conficitur
1931 4461 2053 4525 discri-

526 4690 557 4741 ab
577 4689 661 4744 Tum.
680 4687 703 4745 1.
721 4707 751 4764 p.
770 4691 834 4752 ott.
908 4687 943 4763 b)
961 4707 991 4765 p.
1009 4707 1048 4745 m.
1067 4699 1130 4751 20⁵.
1204 4693 1235 4764 e)
1253 4711 1323 4770 pag.
1341 4707 1405 4767 2¹9.
1481 4693 1516 4755 di
1535 4693 1624 4770 Saggi
1644 4691 1725 4751 Cort.
1745 4693 1782 4748 Τ.
1799 4691 1837 4752 V·
1859 4691 1980 4748 dissert.
2001 4693 2044 4747 lv

492 4775 880 4852 sptiumcmecupart.
963 4779 1125 4849 ovemn.
1147 4779 1370 4842 illustrantis.
1399 4789 1488 4860 paie-
1574 4787 1608 4858 g)
1629 4783 1715 4839 Mem.
1737 4781 1769 4839 B.
1791 4781 1879 4840 L.,T.
1899 4781 2041 4838 xxxs'n

472 4873 602 4948 ,sus
