4292 5467
640 565 1246 702 nuuactsrauriavs.
1442 533 1469 580 ⁶
1649 611 1715 689 ny.x

164 779 254 841 gnae
269 757 373 822 inisse
386 758 588 823 suasuram
605 770 639 822 et
654 757 807 835 honeris,
826 759 915 844 quod
970 771 1049 821 tusto
1078 755 1209 821 demum
1247 756 1370 822 scrihas
1404 775 1553 826 monetae
1588 762 1713 838 illatos,
1819 807 1827 813 -

161 861 240 941 ejus
259 879 383 925 nomeu
405 873 559 926 monetae
585 861 735 946 publicae
761 843 918 927 intulere)
972 852 1101 947 quando
1122 861 1172 922 illi
1195 860 1257 924 rita
1279 880 1479 952 excessere,
1503 863 1566 927 sed
1592 862 1714 928 acribus

160 964 257 1027 sana
283 961 458 1026 tumultum
485 964 589 1028 Paulo
615 963 658 1028 sd
684 963 841 1048 populum
868 963 916 1026 di·
969 963 1072 1028 fuisse
1096 963 1295 1028 ordinarium
1318 984 1430 1028 earum
1457 965 1622 1032 civitatum
1650 986 1716 1030 ma·

162 1077 269 1128 cente
295 1066 424 1150 Ephesi
459 1079 610 1130 exortum
648 1086 844 1151 progressas
877 1064 916 1131 in
972 1067 1142 1151 gistratum
1174 1086 1387 1149 eponymum,
1425 1067 1487 1130 nisi
1523 1068 1625 1146 velis,
1664 1089 1716 1132 ar·

162 1167 317 1232 nemum
339 1167 445 1231 scriha
469 1169 662 1232 auctoritate
686 1189 743 1231 sua
767 1187 917 1252 compes·
971 1169 1110 1232 chortes
1131 1183 1164 1231 et
1184 1182 1354 1253 praetores
1376 1183 1544 1234 constante
1557 1191 1600 1234 ac
1621 1170 1717 1234 mira·

163 1270 241 1333 enit
261 1272 302 1351 ¹).
332 1267 430 1364 Quin
457 1283 492 1334 et
518 1270 554 1332 in
578 1290 743 1362 marsum
768 1270 915 1354 Ephesia
971 1268 1030 1332 hili
1049 1271 1127 1356 lege
1147 1271 1245 1334 simul
1263 1273 1405 1349 electos,
1432 1272 1528 1336 simul
1551 1272 1618 1339 rita
1643 1272 1715 1336 lon·
1747 1307 1748 1310 ¹

163 1371 258 1454 apud
284 1371 499 1434 Muratorinm
524 1371 556 1446 b)
580 1375 625 1437 ·Τ.
644 1371 776 1435 Flavius
804 1374 916 1441 Muna-
969 1385 1054 1434 ctos.

162 1475 235 1536 tius
258 1473 355 1537 simul
375 1469 595 1557 Γραμματενς,
626 1473 724 1538 simul
748 1476 917 1557 Λσιαςχης
1015 1471 1161 1561 Nubes,
1199 1494 1284 1559 qaae
1321 1475 1541 1560 magistratum
1577 1473 1717 1539 scribam

162 1565 311 1654 dicunt,
332 1579 415 1660 qnae
436 1577 602 1660 posterior
625 1576 764 1659 dignitas
786 1573 917 1636 nonnisi
968 1575 1108 1654 sistunt,
1142 1591 1216 1640 sunt
1246 1597 1360 1641 omnes
1387 1575 1574 1659 provinciae
1602 1577 1717 1651 haiae,

161 1675 251 1738 viris
290 1675 480 1760 provinciae
520 1677 684 1760 primariis
714 1673 917 1740 *demandata
972 1676 1114 1760 demptis
1136 1679 1279 1762 Megaris
1301 1677 1440 1743 Atticae.
1478 1677 1659 1741 Fuerintna
1681 1677 1716 1738 in

164 1777 243 1842 init.
287 1776 375 1870 Quin
408 1790 442 1841 et
468 1777 504 1840 in
533 1778 699 1840 nonnullis
732 1776 916 1840 civitatibus
972 1778 1123 1842 omnihus
1140 1780 1190 1840 his
1206 1780 1485 1862 eodemtempore
1500 1779 1625 1842 scribae
1640 1777 1716 1854 duo',

162 1879 311 1944 scribam
337 1877 440 1942 fuisse
466 1879 689 1962 magistratum
717 1880 915 1964 principem,
968 1879 1062 1964 {uod
1101 1879 1223 1943 diserte
1264 1881 1413 1945 adh'rmat
1450 1879 1642 1948 Vaillantins
1668 1881 1715 1961 θ),

163 1993 226 2044 aut
244 1979 359 2043 saltent
374 1999 395 2043 e
413 1980 612 2063 primoribus
629 2003 746 2059 unum,
764 2001 916 2064 compro·
969 2002 1036 2044 nun
1052 1995 1181 2046 temere
1199 1983 1353 2059 edixero;
1376 2003 1485 2068 nequa
1504 1982 1590 2043 euim
1607 1981 1642 2042 in
1659 2001 1717 2041 nn·
1837 1996 1842 2006 ·

117 2095 128 2106 ·
163 2084 226 2145 bat
242 2083 699 2166 marmoreditumscupero
716 2085 762 2164 c),
785 2099 849 2168 quo
867 2083 915 2144 di·
970 2084 1032 2144 mis
1061 2085 1227 2168 hucusque
1256 2085 1394 2167 cognitis
1424 2103 1563 2168 unquam
1589 2083 1716 2164 iegitur
1813 2119 1816 2130 ·

163 2184 580 2269 etantellegneteslonise
597 2185 758 2247 honorant
773 2184 813 2247 T.
824 2179 913 2248 IOT.
971 2181 1325 2247 ΙῬΑΜΜΑΤΕΤΣ.
1344 2178 1566 2250 ΠΡΩΤΟΣ.
1594 2184 1646 2246 ael
1668 2181 1715 2254 Α,

163 2284 484 2348 ΜΕΝΑΝΔΡΟΝ.
497 2283 819 2352 ΑὙΡΗΛΙΑΝΟΝ.
828 2283 916 2346 ΜΕ·
972 2285 1060 2370 quod
1083 2286 1345 2374 invarchontihus
1374 2299 1408 2351 et
1436 2283 1642 2370 praetoribus
1669 2283 1716 2346 ia·

165 2387 248 2450 TA.
270 2382 488 2452 ΠΟΛΛΑΣ.
508 2383 682 2455 Arm.
704 2387 798 2453 ΚΑΙ.
820 2382 915 2447 AEI'·
970 2401 1058 2449 ctnm
1081 2386 1240 2452 ridemus.
1279 2391 1316 2450 In
1338 2387 1434 2452 unico
1456 2388 1643 2471 Magnesiae
1665 2387 1716 2448 lo·

167 2482 915 2554 rorrrmzsrammararzanrn.
971 2490 1045 2550 aas
1066 2509 1165 2550 numo
1193 2489 1262 2550 sant
1293 2501 1487 2552 occursans
1528 2484 1623 2551 ant.
1645 2481 1715 2553 rr.
1800 2509 1801 2512 κ
1852 2455 1857 2464 ’

164 2585 284 2655 ruz.
311 2577 532 2656 nonant.
557 2585 838 2654 autumnate.
881 2589 914 2651 r.
973 2583 1217 2656 ‹tmaunor
1236 2590 1328 2654 xm.
1350 2585 1645 2654 narnemor.
1703 2609 1728 2622 1-

165 2693 299 2756 Iels'rsur
325 2694 543 2756 Menandrum
571 2693 819 2767 Aurelianum,
857 2695 916 2769 qui
1223 2732 1249 2774 4,
1336 2689 1355 2729 ⁴¹
1440 2735 1460 2773 4

163 2805 245 2872 post
257 2795 380 2857 mulsos
396 2799 633 2878 magistratus,
653 2809 687 2856 et
706 2805 843 2855 munera
855 2811 916 2874 pu·
1034 2792 1172 2854 Restant
1199 2792 1242 2857 de
1274 2794 1405 2877 triplice
1437 2792 1501 2856 hoc
1529 2791 1718 2876 magistratu

167 2899 261 2959 blica
278 2879 409 2960 serioue
430 2899 467 2958 in
491 2897 570 2958 urbe
593 2886 727 2958 munere
749 2896 920 2976 splendide
974 2894 1130 2954 nonnulla
1151 2883 1370 2958 communitur
1387 2893 1600 2958 observanda.

158 3001 384 3084 functus'est.
411 2999 468 3059 Ex
490 3017 556 3083 qno
579 3016 656 3059 sane
680 3007 816 3078 apparat
838 2995 918 3057 scri·
1036 2996 1062 3054 l.
1083 2996 1193 3060 Fuere
1215 2995 1332 3073 urbes,
1362 3015 1445 3080 qnae
1467 3016 1528 3078 per
1547 2995 1717 3058 intervalla

167 3099 234 3162 hae
257 3099 344 3182 apud
368 3099 431 3162 hos
452 3101 624 3183 Magnetes
650 3097 808 3180 dignitas,
834 3117 917 3180 qnos
973 3094 1037 3176 jam
1072 3098 1276 3175 Archontes,
1312 3096 1377 3180 jam
1413 3109 1574 3179 strategos
1611 3095 1718 3160 numia
1832 3099 1834 3106 '

168 3201 295 3286 ahoqui
313 3214 456 3277 coastat,
484 3221 584 3262 unum
604 3201 743 3264 scribent
765 3212 917 3263 monetae
974 3198 1041 3260 suis
1057 3198 1273 3280 inscripsere,
1295 3199 1465 3260 nimirums
1485 3199 1600 3261 Attaea
1615 3196 1718 3278 Phry·

169 3323 250 3366 snre
264 3303 480 3385 inscripsisse.
502 3302 683 3365 Adversari
696 3301 827 3386 quidem
840 3303 917 3365 hnic
974 3302 1069 3384 gius,
1112 3299 1331 3383 Apollonides
1366 3296 1509 3380 Lydiae,
1552 3299 1716 3362 Blaundos
1770 3369 1776 3381 .

168 3404 796 3496 sententiseridetnryaillautius,cnm
810 3401 916 3486 sista
967 3400 1115 3485 Lydiae,
1165 3401 1303 3465 Cilhisni
1345 3401 1534 3483 superiores
1575 3399 1716 3482 Lydiae,

168 3511 204 3569 si
226 3508 356 3569 urclnm
375 3519 437 3568 aut
454 3518 593 3588 praetor
615 3528 634 3568 e
657 3510 729 3567 vitu
753 3509 791 3568 in
814 3509 919 3588 mogi·
974 3505 1113 3587 Cyzicus
1131 3504 1274 3586 Mysiae,
1297 3501 1412 3564 Daldis
1427 3499 1569 3583 Lydiae,
1591 3501 1714 3566 Germe

168 3619 285 3670 stratu
300 3611 451 3683 exierat,
475 3629 592 3670 nomen
608 3589 736 3670 scribae
751 3610 787 3669 in
808 3608 919 3670 numia
972 3607 1114 3689 Mysiae,
1139 3605 1420 3668 Hadrianotherae
1445 3601 1632 3686 Bithynius,
1659 3602 1716 3664 Ni·

168 3710 388 3792 signabatur,
407 3711 497 3786 quod
510 3715 547 3772 in
564 3709 717 3785 urbibus,
733 3707 792 3770 uss·
803 3729 918 3771 eorum
973 3707 1121 3773 comedia
1143 3705 1332 3789 Bithyniae,
1356 3704 1477 3771 sardes
1497 3703 1639 3788 Lydiae,
1666 3704 1735 3768 Si¹¹

170 3829 291 3872 numen
302 3831 366 3891 pro
385 3815 588 3893 magistratu
603 3814 639 3873 in
653 3811 764 3872 nuntie
779 3828 919 3891 oppone·
972 3808 1088 3874 landus
1106 3809 1239 3892 Lydiae.
1698 3829 1701 3834 ·

166 3913 289 3987 datur,
306 3927 453 3994 apparet.
473 3909 622 3974 Atesim
638 3909 843 3974 contrarium
860 3929 918 3994 po·
1032 3915 1076 3978 ³1.
1096 3912 1231 3976 Factum
1250 3909 1365 3983 etism,
1387 3915 1424 3971 ut
1443 3905 1557 3972 eadem
1575 3925 1715 3990 persons

166 4012 236 4074 tius
262 4009 387 4076 decent
409 4012 509 4076 numi.
548 4015 630 4076 Nam
655 4033 729 4076 enm
752 4014 786 4074 in
811 4012 917 4074 nnmis
972 4015 1007 4078 in
1031 4015 1182 4099 ejusdem
1208 4009 1397 4096 imperantis
1420 4011 1526 4074 nuruis
1551 4010 1613 4089 jam
1637 4007 1716 4071 scri·

167 4113 364 4178 Antiochiae
388 4115 521 4191 Carisa,
549 4118 712 4200 Apameae
737 4115 917 4197 Phrygiae,
973 4118 1032 4194 hs,
1054 4119 1117 4179 iam
1135 4129 1270 4201 praetor
1285 4113 1464 4177 diceretur.
1489 4111 1543 4173 Sic
1559 4111 1592 4171 in
1608 4109 1715 4172 nuntie

165 4215 359 4300 hirgnesiae
405 4218 541 4292 Iuniae,
592 4217 735 4299 Mylasea
781 4216 915 4292 Cariae,
969 4219 1130 4282 Hadriani
1155 4231 1189 4280 et
1212 4215 1370 4293 Sabinae,
1402 4213 1586 4276 Laodiceae
1611 4212 1716 4290 Phry-

166 4319 280 4400 Nysee
300 4317 445 4396 Cedro,
484 4318 644 4383 Trallium
675 4319 797 4399 Lydiae
835 4339 916 4381 nnn·
972 4322 1044 4406 gire
1061 4320 1166 4394 casis,
1191 4318 1254 4400 jam
1275 4317 1383 4398 legere
1412 4307 1713 4378 Art’tsssslNoc.

167 4439 268 4504 quens
289 4433 516 4481 memorentur
536 4422 710 4484 archontes
740 4421 794 4482 rel
822 4441 915 4503 prae·
970 4417 1117 4484 ΓΡΑΜ.
1150 4420 1229 4503 jaru-
1243 4408 1548 4480 APPfflmNoc.
1580 4411 1714 4477 cTPA-

166 4536 283 4598 tures,
317 4541 451 4604 semper
478 4522 625 4599 scribae,
651 4522 818 4606 sequitur,
846 4542 914 4584 uon
973 4519 1153 4588 ΤΗΓΩΝ.
1182 4522 1218 4582 {n
1233 4519 1339 4584 ramis
1355 4517 1522 4594 Sardium,
1548 4515 1604 4602 qui
1622 4535 1715 4600 prae·
1849 4537 1858 4546 ·

202 4747 237 4816 a)
257 4743 577 4890 scruposasxnt.
594 4755 677 4823 7335.
756 4743 790 4815 h)
809 4714 915 4820 prii-¹
990 4748 1021 4818 c)
1040 4744 1132 4804 hettr.
1146 4744 1184 4802 de
1201 4745 1262 4804 crit.
1280 4765 1310 4821 p.
1321 4753 1383 4808 281.
1457 4741 1492 4815 d)
1512 4762 1590 4802 nutu.
1607 4743 1713 4802 Graes.

158 4844 275 4913 Just&
349 4835 383 4904 c)
416 4853 458 4890 .c.
1674 4857 1679 4864 ·
