4292 5467
363 541 373 552 i
450 613 521 680 208
566 619 569 624 ·
1090 591 1298 668 carto
1331 594 1359 664 1.

531 757 782 828 azttt’xnz·
817 783 860 827 aa
887 760 1040 827 vocabuli
1068 759 1202 825 notione
1261 761 1365 824 titudo
1396 758 1437 824 ad
1471 760 1639 825 iaciendos
1660 758 1754 824 indos
1782 759 1817 821 in
1845 759 1999 822 honoram

458 867 620 951 significat
636 887 730 940 eum,
752 867 951 946 quiprneest
968 865 1096 940 Asiae,
1114 883 1205 926 nem·
1261 862 1419 937 deornm,
1452 863 1508 946 qui
1529 863 1614 946 apud
1642 884 1678 925 ac
1707 862 1877 947 praecipui
1897 861 2000 936 inere,

459 989 502 1054 pe
525 967 576 1044 ei,
599 986 681 1050 quae
703 965 782 1027 oiim
800 964 880 1029 ditio
897 985 1013 1050 regum
1028 964 1205 1048 Pergame-
1261 987 1299 1030 ac
1330 965 1506 1050 praecipue
1536 966 1577 1028 ad
1606 962 1819 1047 concipienda
1841 977 1917 1029 vota
1943 981 2002 1045 pro

458 1089 595 1146 norum,
617 1064 757 1132 subinde
773 1067 928 1131 Romanis
949 1065 1110 1150 sabjecta,
1129 1087 1206 1148 prc-
1261 1067 1365 1131 sainte
1389 1080 1424 1130 et
1447 1068 1640 1134 aeternitate
1665 1065 1919 1151 imperantium,
1949 1065 2001 1150 qai

458 1172 643 1246 consularia
663 1169 753 1232 Asia
775 1169 839 1233 dici
863 1167 1041 1234 consuevit.
1074 1166 1202 1228 Eodem
1262 1167 1394 1252 quidem
1424 1183 1604 1234 conventus
1634 1189 1699 1231 non
1728 1189 1804 1231 raro
1833 1169 1869 1230 in
1898 1165 2000 1228 numia

458 1269 611 1353 exemplo
627 1269 762 1331 aliarum
780 1289 911 1356 qnoque
927 1255 1092 1332 nationum
1106 1266 1204 1330 habe·
1262 1283 1484 1333 memorantur
1511 1270 1669 1352 inscripto
1694 1255 2002 1330 immotam·

458 1394 530 1434 anns
551 1391 594 1434 ea
615 1385 766 1436 veterum
787 1369 1004 1432 monumentis
1023 1365 1205 1451 praesides,
1262 1363 1362 1447 ΑΣ,
1383 1369 1509 1458 dequo
1531 1384 1647 1454 agetur
1665 1371 1771 1452 capite
1797 1368 1839 1430 ds
1858 1367 1951 1432 sestis
1968 1389 2001 1431 aa

457 1489 519 1536 ata
552 1471 772 1556 Lyciarchas,
803 1468 1072 1551 Bithyniarciaas‚
1110 1469 1204 1534 Gala·
1260 1471 1366 1548 ludis,
1403 1494 1542 1557 quorum
1571 1472 1655 1535 adeo
1684 1473 1829 1534 omnium
1858 1469 2002 1534 modera-

456 1573 602 1650 tarchaa,
623 1571 830 1654 Syriarchaa,
844 1571 1121 1635 Phoeniciarcbas
1136 1585 1202 1636 etc.
1261 1587 1314 1636 tor
1334 1573 1396 1636 tuit
1416 1574 1584 1648 ¹Asiarclta.
1627 1571 1703 1634 Fuit
1727 1593 1808 1654 erpo
1829 1571 2003 1636 Asiarchae

456 1673 695 1750 Arabarches,
724 1673 879 1735 Arabiae
902 1676 1113 1758 principem,
1146 1671 1206 1735 sed
1262 1696 1378 1738 manus
1395 1695 1511 1740 serunt
1538 1675 1778 1751 sacerdotium,
1799 1673 1889 1757 qnod
1909 1687 1944 1736 et
1962 1673 2005 1734 di·

458 1791 642 1857 ememor,
669 1771 826 1836 habemus
849 1772 934 1855 apud
957 1776 1146 1839 tavenatan
1162 1775 1204 1856 ¹).
1261 1777 1358 1842 sertis
1381 1778 1492 1843 verbis
1516 1777 1708 1860 comprobat
1725 1774 1933 1840 Modestinus
1956 1775 2003 1856 ἦε
2106 1766 2112 1777 ’

458 1877 587 1940 Horum
608 1889 777 1945 rectorum
799 1874 887 1941 varia
914 1872 977 1937 fuit
1002 1875 1091 1941 raaia
1121 1887 1206 1964 aete·
1260 1879 1364 1954 Εθνυς
1384 1879 1541 1958 lapsuram,
1563 1875 1623 1942 dena
1644 1877 1838 1962 Ἀσιαρχια,
1860 1875 2004 1955 Bessara·
2115 1923 2116 1934 ,

456 1992 492 2042 te
529 1977 685 2062 potentia.
742 1977 795 2042 De
829 1972 940 2057 Lyciis
974 1976 1082 2040 refert
1117 1977 1206 2041 Stra·
1261 2000 1343 2066 χια,
1374 1972 1657 2064 Καππαδοκαρχια.
1705 1977 1824 2040 Gentis
1856 1977 2006 2039 ancardo·
2113 2003 2114 2018 t

455 2080 499 2143 bo
523 2077 582 2162 ¹⁸),
619 2077 660 2142 ab
696 2077 736 2143 iis
770 2075 803 2139 in
839 2076 1005 2143 civitatum
1039 2093 1204 2145 conventu
1260 2086 1369 2159 tium,
1398 2083 1492 2158 enjus
1513 2083 1602 2142 modi
1622 2093 1701 2142 aunt
1719 2079 1929 2152 Asiarcltia,
1950 2077 2006 2140 Bi·

457 2195 605 2246 creatam
639 2179 875 2264 Lyciarcham,
905 2177 1026 2244 deinde
1057 2181 1205 2264 reliquos
1261 2182 1491 2266 thynurcdt'a,
1527 2181 1828 2261 Cappudnsorcht'n.
1884 2179 1931 2240 Et
1961 2177 2006 2240 aio

458 2283 685 2367 magistratus,
714 2303 753 2346 nc
774 2295 842 2344 tum
864 2293 970 2344 actum
994 2281 1036 2344 de
1058 2281 1148 2365 pacis
1170 2293 1205 2344 et
1262 2283 1359 2346 etiam
1380 2283 1462 2345 haec
1477 2281 1647 2346 Asiarchia
1668 2279 1842 2366 aliquoties
1857 2280 1893 2342 in
1915 2279 2006 2342 libris

456 2384 631 2448 foedarum
664 2383 810 2467 negotio.
863 2384 1012 2459 Varum,
1054 2396 1091 2445 ut
1129 2401 1205 2446 con·
1260 2383 1565 2468 jurisconsultorum
1586 2383 1706 2446 dicitur
1721 2383 1833 2446 Asine
1859 2383 2007 2446 suendo·

458 2485 551 2547 tiano
580 2484 688 2560 addit,
717 2482 819 2549 aalait
847 2483 935 2545 iatud
956 2497 1100 2560 tanturn,
1130 2504 1203 2548 caan
1263 2487 1367 2564 tium,
1389 2483 1443 2549 vel
1460 2488 1497 2546 in
1521 2485 1615 2546 Asin
1634 2486 1859 2546 sacerdotium
1876 2486 2010 2566 provin·

459 2585 560 2667 Lycia
588 2584 639 2646 sni
659 2581 765 2645 adhoc
793 2583 874 2664 juris
906 2597 1016 2660 esset,
1045 2605 1119 2646 nam
1150 2605 1206 2647 aaa
1262 2589 1355 2661 cine,
1377 2597 1412 2646 nt
1427 2597 1565 2647 testatur
1581 2583 1798 2669 spanhemius
1811 2580 1863 2665 d),
1885 2585 1959 2663 vel,
1977 2597 2011 2646 ut

459 2696 567 2749 aetate
587 2704 653 2747 non
676 2684 814 2768 amplius
834 2683 874 2746 iia
897 2683 990 2746 licuit
1011 2705 1113 2767 agere
1130 2706 1207 2750 con·
1264 2683 1595 2767 naamaniticae),
1618 2683 1646 2749 da
1663 2681 1751 2768 lacsir
1771 2683 1945 2769 ἐπαρχιῶν,
1963 2707 2012 2748 ra·

460 2800 599 2864 ventus,
628 2785 692 2847 nisi
714 2788 937 2849 Romanorum
958 2787 1148 2869 permissu,
1172 2797 1207 2849 et
1262 2809 1346 2862 rasas
1362 2785 1524 2872 Ασιαρχαι
1541 2811 1591 2848 aaa
1607 2783 1636 2850 da
1653 2791 1765 2852 λοιποι.
1787 2787 1919 2848 Eadem
1938 2786 2012 2852 loco

460 2887 567 2951 solunt
593 2899 685 2960 tum,
721 2907 795 2952 cnm
822 2885 910 2948 istud
934 2907 963 2950 e·
984 2890 1206 2952 Romanorum
1263 2887 1307 2951 ait
1336 2887 1483 2951 eraditus
1513 2889 1567 2952 hic
1596 2887 1669 2964 vir,
1702 2889 1878 2952 Asiarchae
1909 2887 2016 2953 dictos

459 3010 498 3052 re
519 3001 616 3052 esset.
650 2990 794 3050 Atenina
811 3009 974 3073 nunquam
992 2990 1207 3055 licuitAaiar·
1265 2989 1363 3052 etism
1391 2987 1492 3076 inisse
1516 2987 1690 3073 ἇςχιερεις,
1720 2990 1906 3074 probatque
1929 2989 2015 3054 iatnd

461 3091 531 3154 chia
549 3089 654 3154 nansia
675 3108 710 3151 aa
728 3087 870 3170 politicis
888 3091 1048 3167 raisccre;
1065 3095 1144 3156 ‘nana
1163 3113 1208 3156 ax
1265 3109 1329 3172 ope
1349 3089 1524 3174 epistolae,
1546 3111 1609 3176 qna
1628 3091 1799 3176 Smyrnaei
1814 3107 1960 3156 mortem
1979 3095 2013 3158 S.

462 3212 528 3275 quo
553 3191 631 3254 Asia
658 3190 739 3253 haec
769 3205 843 3272 post
867 3191 987 3257 rictum
1008 3193 1207 3258 Antiochum
1264 3191 1439 3274 Polycarpi
1462 3191 1547 3275 apud
1569 3211 1606 3255 se
1631 3194 1717 3278 passi
1733 3194 1913 3272 referant,
1929 3209 1965 3260 et
1982 3195 2017 3256 in

461 3292 507 3356 Μ.
530 3293 562 3352 in
582 3312 681 3352 unum
700 3310 820 3373 corpus
835 3293 974 3371 coaluit,
995 3295 1102 3377 paruit
1122 3296 1207 3378 regi·
1265 3314 1327 3380 qua
1339 3293 1515 3376 Phiiippus
1525 3293 1655 3379 quidam
1671 3296 1735 3378 jem
1748 3295 1935 3380 Ασιαρχης,
1952 3297 2017 3380 jam

462 3393 524 3456 bus
538 3391 770 3477 Pergamenis,
791 3393 909 3457 horum
927 3410 1025 3478 gente
1047 3396 1210 3464 exstincta
1264 3394 1421 3480 ἆρχιερευς
1436 3393 1565 3460 dicitur.
1599 3395 1667 3458 Sed
1682 3411 1913 3480 argumentum
1929 3399 2018 3464 istud

462 3497 626 3559 Romanis.
1264 3515 1331 3590 non
1367 3494 1445 3558 satis
1480 3507 1531 3558 est
1559 3495 1727 3578 validumr
1758 3515 1895 3584 potarat-
1929 3503 2018 3566 enim

1265 3597 1353 3660 idom
1377 3595 1575 3680 Philippus,
1613 3599 1670 3682 qai
1698 3613 1766 3663 tum
1796 3620 1928 3666 annuas
1958 3605 2020 3668 doit

551 3697 707 3760 Asiarcha
728 3717 828 3762 sacen
850 3711 972 3762 tantuna
1000 3700 1208 3783 magistratus
1265 3699 1440 3776 Asiarcha,
1461 3697 1582 3762 codem
1597 3713 1750 3784 tempore
1766 3721 1844 3766 csse
1861 3703 2024 3792 ἆςχκρευς

466 3796 549 3870 fuit,
577 3799 634 3883 qui
654 3811 804 3881 praeerat
835 3800 958 3876 sacris,
988 3821 1053 3862 non
1076 3801 1208 3885 quidem
1268 3803 1437 3885 Smyrnae.
1496 3801 1577 3860 Nam
1618 3800 1711 3864 licuit
1740 3804 1914 3869 Asiarchis
1954 3808 2021 3870 alio

467 3901 667 3986 singularum
683 3897 867 3970 civitatum.
895 3919 968 3962 nana
990 3899 1053 3962 inae
1076 3903 1210 3986 propris
1266 3917 1439 3988 praeterea
1468 3920 1605 3965 munere
1634 3903 1751 3988 fungi,
1787 3919 1825 3968 ut
1855 3905 1946 3972 infra
1977 3909 2024 3971 di·

467 4001 614 4064 habuera
645 4018 737 4062 sacra
766 4011 801 4062 ct
822 3997 1007 4076 ministros,
1037 4001 1097 4065 sed
1127 4025 1210 4089 quae
1267 4021 1372 4072 catur.
1417 4005 1503 4068 Sane
1526 4003 1702 4068 discrimen
1724 4004 1814 4070 inter
1838 4021 2023 4096 atrumque

468 4103 642 4166 constituta
674 4094 770 4163 inere
800 4102 899 4164 totins
933 4103 1123 4184 provinciae
1153 4127 1210 4170 no-
1266 4107 1394 4172 titnln'm
1417 4105 1602 4188 manidsstat
1632 4107 1746 4172 citatus
1775 4130 1874 4192 supra
1900 4114 2023 4175 Ionum

469 4205 575 4280 mine,
597 4202 708 4285 etjam
725 4203 761 4264 in
782 4202 941 4284 hsc,jam
956 4204 1018 4266 alia
1035 4205 1119 4270 arbe
1136 4227 1212 4292 per·
1266 4230 1406 4285 arumna,
1438 4209 1471 4269 in
1510 4227 1574 4294 quc
1596 4207 1723 4272 Fronto
1753 4211 1875 4274 dicitnr
1901 4214 2027 4294 Acme·

470 4317 559 4381 aeta,
580 4323 735 4388 qaoraam
749 4303 905 4367 convenit
922 4305 1106 4387 promiscas
1129 4309 1210 4372 mul·
1266 4325 1328 4398 χης
1353 4333 1402 4377 aaa
1426 4311 1604 4394 ἄςχιερευς,
1637 4331 1758 4398 nempe
1781 4313 1944 4380 sacerdos
1969 4339 2026 4402 pu·

459 4599 675 4623 *a
1570 4617 2026 4642 m*-

504 4715 536 4782 a)
555 4711 653 4766 saal.
672 4725 779 4777 naso.
852 4713 888 4798 ta)
904 4714 939 4774 1..
951 4715 1029 4778 xlv.
1047 4737 1079 4795 p.
1097 4739 1136 4779 ai.
1153 4733 1218 4797 pan
1282 4721 1831 4801 a)1.ap.⁴vt.§.1r.'l).daaarusat
1899 4727 1939 4800 d).
1962 4727 1983 4786 l.
2002 4751 2027 4786 c.

467 4807 575 4874 port.
647 4801 679 4871 a)
696 4799 730 4855 1..
748 4799 909 4866 xxxt‘m.
1761 4833 1772 4842 ·
