4292 5467
495 575 1347 684 nunaotsrtt'auvuronttto.
1540 569 1547 710 Ἰ
1626 623 1697 700 aso
1794 555 1799 562 ⁵

144 762 301 850 dempto,
324 767 465 846 Varum,
488 768 718 845 Saturninum,
741 770 899 846 Silanum,
955 771 1254 854 lagiisiguifioare‚
1279 771 1442 836 etberole
1461 773 1621 836 incassum
1639 792 1700 836 nos
1747 740 1749 749 ⁴
1818 823 1824 830 .

144 867 321 944 Flaccum,
355 871 547 935 Petronium
578 884 642 935 etc.
673 870 774 936 fuisse
806 895 899 958 prae:
954 873 1134 954 laborare,
1155 893 1229 937 cum
1249 891 1291 936 ex
1309 873 1424 957 quovis
1444 876 1633 960 magistratu
1652 875 1699 938 sic
1834 868 1839 886 '

144 982 238 1032 teres
277 991 457 1055 anonymos
493 971 705 1051 Antiochiae,
745 975 823 1061 quin
864 988 900 1040 st
955 975 1146 1052 enunciata,
1180 973 1353 1054 Asiarcba,
1389 995 1556 1052 neocoro,
1595 995 1702 1039 sacer·

145 1073 326 1156 Agrippam
348 1075 389 1135 ΙΙ.
410 1095 527 1160 regem
549 1096 591 1139 ox
612 1074 761 1150 Herodis
779 1097 900 1162 progs·
955 1077 1050 1154 dote,
1083 1078 1296 1160 agonotheta,
1327 1089 1480 1159 prytane,
1515 1093 1699 1161 quaestore,
1812 1147 1815 1154 ,

142 1172 198 1234 nie
222 1171 326 1237 inisse
350 1177 593 1260 provinciarum
617 1197 748 1243 suarum
776 1197 898 1262 epony·
953 1193 1024 1240 tum
1041 1177 1308 1261 proconsulibus,
1324 1178 1609 1262 propraetoribus,
1627 1199 1703 1261 pro·

144 1295 245 1352 mum,
261 1278 337 1361 qnia
349 1278 385 1340 bi
398 1297 514 1351 omnes
527 1277 589 1340 sibi
602 1279 795 1342 vocabulum
810 1275 896 1342 Elll
954 1280 1177 1355 curatoribus,
1211 1278 1360 1345 volumus
1382 1299 1560 1362 eponymos
1589 1294 1703 1344 estun-

144 1376 349 1460 praelixere,
387 1378 468 1465 quin
495 1393 530 1443 et
557 1401 643 1451 anno
677 1394 828 1444 vertente
861 1395 897 1443 et
954 1380 1045 1446 dere:
1089 1379 1220 1444 Etenim
1249 1393 1313 1444 tam
1342 1381 1422 1445 varii
1451 1381 1582 1464 generis
1603 1381 1705 1462 magi·

144 1481 304 1564 deinceps
330 1481 452 1548 iterum
476 1469 621 1557 ela‘ctos,
656 1483 730 1565 quia
756 1503 818 1566 per
846 1503 896 1546 se·
954 1487 1073 1546 stratus
1103 1503 1201 1568 saepe
1233 1481 1381 1548 videmus
1414 1485 1508 1562 unius
1543 1482 1704 1566 ejusdem·

144 1597 286 1667 quentes
303 1582 400 1644 etiam
415 1602 537 1661 annos,
556 1583 673 1670 quibus
693 1583 895 1668 provinciam
954 1606 1018 1670 que
1049 1581 1188 1648 civitatis
1218 1585 1324 1648 numia
1352 1584 1544 1668 inscriptos,
1576 1599 1611 1646 nt
1639 1586 1704 1664 jam

144 1683 433 1760 administrabant,
471 1684 587 1751 eadem
625 1686 659 1746 iu
695 1686 802 1748 numia
829 1664 921 1750 ior-⁶
954 1709 996 1751 ex
1023 1687 1084 1754 hac
1108 1689 1177 1770 ipsa
1203 1704 1297 1749 causa
1323 1686 1519 1748 incredibile
1540 1685 1703 1762 rideatur,
1789 1681 1792 1686 ’

146 1788 234 1848 mula
263 1801 339 1848 sunt
366 1788 439 1852 nsi..
466 1783 565 1878 Quod
586 1787 616 1848 ai
637 1785 735 1850 etism
756 1787 896 1850 velimus
954 1810 1014 1853 eos
1033 1807 1147 1852 omnes
1164 1788 1198 1849 in
1216 1794 1451 1871 oponyrnorut'n
1473 1787 1573 1852 inisse
1592 1808 1706 1851 nume·

146 1891 362 1972 permittere,
394 1907 454 1950 cur
474 1889 526 1952 bis
548 1888 662 1971 Syriae
683 1889 819 1972 legatia,
842 1887 897 1951 rel
953 1913 1004 1956 ro.
1034 1892 1199 1973 Exemplo
1223 1891 1287 1954 siut
1312 1890 1518 1971 magistratus
1541 1889 1703 1972 Byzantii.

144 1992 224 2053 alibi
265 1989 536 2073 proconsulibus,
575 2013 608 2057 v.
639 2012 672 2075 g.
708 1991 896 2071 Bithyniae,
954 1996 1083 2057 Horum
1098 2013 1180 2056 unus
1196 1985 1704 2082 estv.g.EllI.TPAlAli0T.

144 2115 187 2154 ne
220 2093 326 2156 semel
356 2091 489 2176 quidem
510 2091 659 2169 ¹additam
688 2092 828 2175 legimus
851 2092 899 2153 di·
953 2097 1048 2158 ΚΑΙ.
1082 2115 1180 2180 quem
1217 2093 1344 2156 collatis
1376 2093 1483 2153 numia
1512 2090 1584 2156 aliis
1618 2089 1706 2156 baud

146 2194 305 2276 gnitatern
349 2213 565 2277 cpouymam,
616 2215 712 2277 quam
761 2193 897 2258 bonoria
956 2196 1091 2260 dubium
1120 2209 1170 2260 est
1197 2193 1298 2259 fuisse
1321 2193 1412 2257 urbis
1433 2193 1644 2269 anebontem,
1672 2206 1707 2255 et

146 2317 243 2360 cansa
254 2295 456 2380 suscepere?
471 2297 581 2360 Fuere
590 2297 765 2382 Augustus,
779 2297 899 2379 Agrip-
956 2299 1090 2383 quidem
1111 2297 1332 2381 magistratum
1355 2317 1562 2380 eponymurn·
1592 2295 1704 2358 Alios:

146 2419 207 2478 pa,
249 2397 405 2461 Tiberius
434 2397 703 2491 Quinquennales
739 2398 897 2462 Coloniae
955 2398 1073 2482 Eltt.
1097 2397 1226 2462 ΘΕΑΟ.
1272 2393 1591 2462 ΦΑΤΟΤΕΙΝΗΟ.
1654 2397 1706 2458 Au
1752 2477 1755 2484 r

147 2500 267 2564 Celsae
288 2499 562 2577 Tarraconensis,
591 2502 683 2565 Nero
711 2514 746 2566 et
771 2502 898 2564 Drusus
954 2501 1141 2566 Faustinam
1182 2500 1338 2564 feminam
1380 2499 1471 2563 urbis
1513 2498 1725 2587 archonteru⁵

151 2603 310 2666 Caesarea
348 2602 443 2666 llriri
479 2602 777 2687 Caesaraugustae,
819 2600 898 2665 Iuba
955 2602 1123 2667 dabimus?
1143 2604 1250 2668 Alius:
1269 2595 1705 2665 Ett1.nP.tttontTcot·.

147 2707 185 2766 ll.
228 2717 264 2765 et
300 2703 511 2767 Ptolemaeus
544 2724 643 2790 reges
674 2703 896 2768 Mauretaniae
956 2703 1026 2767 To.
1047 2703 1086 2769 Β.
1103 2705 1197 2771 ΚΑΙ.
1212 2699 1539 2792 annuntiatae.
1571 2702 1622 2762 En
1647 2689 1729 2762 tibi'

148 2804 241 2870 llriri
272 2804 476 2890 Carthaginis
508 2808 641 2886 Norae,
677 2819 774 2889 atque
811 2807 898 2868 bunc
954 2826 1030 2869 cum
1061 2805 1154 2893 urbis
1183 2804 1341 2872 archonte
1374 2806 1578 2888 conjunctam
1611 2803 1709 2866 lemi-

148 2908 372 2992 magistratum
397 2907 494 2972 etiam
520 2928 637 2972 eorum
658 2907 764 2972 numis
785 2907 900 2977 inseri·
955 2931 1041 2975 nam.
1072 2909 1186 2986 Alius,
1215 2927 1312 2991 quem
1335 2905 1435 2970 offert
1456 2907 1626 2997 decretum
1646 2906 1710 2988 By·

147 3024 239 3091 ptum
269 3009 421 3094 legimus.
465 3001 644 3102 Quaeritui·
664 3011 766 3088 item,
797 3010 826 3073 si
852 3009 899 3072 le·
957 3011 1140 3074 cantiorum
1168 3007 1255 3093 apud
1275 3007 1537 3072 Demosthenem
1559 3013 1608 3087 ·)=
1645 3007 1725 3068 Eua.
1841 3020 1844 3030 ⁴

146 3113 215 3194 gati
236 3111 293 3189 bi,
320 3112 376 3176 rel
399 3113 616 3195 proconsules
642 3112 777 3176 honoris
805 3132 901 3198 causa
957 3117 1162 3196 Ιερομναμονος
1194 3107 1392 3194 Βοσποςιχω.Ι
1433 3109 1494 3168 En⁴
1519 3109 1707 3172 hieromne-

146 3213 283 3276 cisilem
300 3215 336 3274 in
351 3214 488 3277 urbibus
505 3217 727 3300 magistratum
753 3233 902 3297 gessere,
956 3233 1106 3289 monem,
1131 3211 1352 3294 magistratum
1376 3197 1608 3274 sacerdotem.¹
1630 3207 1710 3272 Om·

146 3305 544 3401 curnesetuel.qnidem
567 3321 602 3380 iu
621 3319 728 3379 numia
752 3316 794 3379 sit
813 3337 903 3379 men·
959 3337 1019 3380 nea
1048 3315 1101 3393 hi,
1128 3327 1165 3376 ut
1186 3313 1297 3388 vides,
1328 3312 1514 3396 praeligant
1534 3308 1637 3386 ΕΠΙ,
1669 3331 1709 3372 an

145 3415 217 3492 tio,
245 3415 350 3482 luisse
372 3439 448 3483 eum
468 3421 587 3484 iterum
610 3422 666 3485 rel
687 3419 821 3481 tertium
851 3440 904 3482 sn·
961 3435 1042 3481 vcro
1081 3417 1178 3479 etiam
1221 3435 1335 3480 omnes
1374 3412 1553 3498 eponymii
1602 3413 1709 3474 Multo

145 3532 320 3602 saeptum,
352 3539 427 3604 cum
456 3535 567 3586 tamen
588 3521 629 3585 de
654 3521 815 3606 Trojano,
846 3523 902 3606 qui
960 3519 1084 3600 major,
1110 3516 1346 3600 molestiorque
1368 3516 1403 3578 in
1425 3516 1581 3596 Smyrnae
1603 3513 1710 3576 nuruis

148 3641 316 3684 summum
353 3623 504 3705 Byzantii
544 3626 775 3709 magistratum.
809 3622 902 3687 obire
961 3623 1118 3696 uarietas,
1157 3639 1272 3702 quarn,
1309 3638 1353 3680 ue
1382 3616 1516 3700 longior
1544 3614 1623 3691 sim,
1655 3615 1709 3678 hic

148 3743 222 3788 non
254 3721 341 3785 inira
377 3743 413 3787 se
448 3709 590 3810 putarit,
615 3727 841 3810 praedicetur
869 3726 903 3787 in
963 3744 1029 3786 nou
1054 3734 1182 3806 repeto.
1220 3721 1294 3782 Non
1319 3717 1476 3782 dubitavit
1500 3717 1710 3794 Pellerinins,

147 3823 282 3891 numia:
312 3820 409 3887 ΕΠΙ.
439 3823 688 3890 ΤΡΑΙΑΝΟΤ.
712 3828 808 3890 ΚΑΙ.
831 3825 905 3894 ΤΟ.
964 3825 1020 3910 qui
1050 3823 1093 3888 de
1124 3824 1377 3906 Smyrnaeorum
1407 3819 1598 3904 magistratu
1634 3838 1712 3902 epo·

144 3927 185 3992 B.
210 3924 669 4006 remuneratorium
690 3931 832 3995 Caesare
845 3932 909 3994 ite·
963 3945 1062 4010 nymo
1089 3925 1155 3990 late
1178 3924 1311 3987 disserit
1332 3921 1384 4008 b),
1412 3922 1597 4012 adserere,
1616 3919 1713 4003 hujus

145 4053 241 4108 tuan,
263 4018 318 4093 rel
338 4030 502 4092 tertium?
966 4026 1105 4093 civitatis
1141 4046 1337 4110 eponymnm
1376 4025 1479 4088 fuisse
1516 4035 1712 4106 strategum,

214 4131 268 4194 Es
286 4151 354 4217 qno
368 4129 447 4193 satis
461 4145 610 4216 apparet,
627 4135 808 4216 praefixum
822 4130 908 4196 El'll
967 4126 1539 4203 cesseronnllaanctoritatcniti,
1564 4125 1712 4208 quiajos
1749 4163 1753 4170 ·

147 4253 219 4300 nou
241 4234 344 4298 modo
369 4236 592 4319 magistratum
609 4255 824 4319 eponymum,
848 4234 908 4320 sed
964 4229 1189 4298 sacerdotibus
1217 4229 1305 4292 hunc
1332 4229 1492 4292 honorem
1514 4225 1712 4318 tribuerunt.

147 4355 385 4420 quemcunque
411 4338 528 4412 alium,
556 4337 625 4401 sire
647 4359 809 4412 annuum,
837 4337 908 4400 aire
965 4336 1057 4418 Ergo
1089 4333 1178 4396 nulla
1208 4339 1261 4394 est
1280 4328 1468 4394 Philostrati
1498 4348 1595 4414 supra
1624 4328 1713 4392 citati

148 4439 315 4522 quanvis
341 4439 517 4524 temporis,
545 4439 626 4514 item
648 4440 718 4504 sire
741 4436 925 4522 publicum,
966 4435 1156 4511 auctoritas,
1188 4434 1243 4519 qni
1266 4429 1565 4516 stephanephoros,
1590 4430 1712 4494 idest:
1734 4499 1744 4508 ,

148 4539 315 4620 civitatis,
344 4541 415 4606 sire
443 4540 605 4622 privatum
627 4541 742 4624 synodi
763 4541 817 4606 vel
842 4542 909 4606 col·
966 4536 1174 4614 sacerdotes,
1209 4555 1405 4632 eponymunt
1433 4533 1590 4617 Smyrnae
1615 4535 1715 4618 magi·

187 4843 222 4914 a)
242 4838 330 4900 Orat.
347 4835 387 4894 de
405 4805 509 4894 coron.
585 4835 621 4908 b)
641 4835 711 4894 lice.
723 4829 766 4894 ΙΙ.
777 4856 807 4912 p·
818 4846 863 4900 85.
