4292 5467
388 576 402 581 ’
460 624 532 702 tot
992 666 1006 687 .
1060 594 1256 675 cervo
1291 598 1415 713 xxia.

455 776 609 861 plebeiae
632 773 895 846 deducerentur,
925 770 1036 834 coloni
1062 770 1124 833 aab
1152 768 1206 833 re·

456 880 547 943 xillir
574 877 716 962 proiecti
743 886 844 960 root„
866 876 974 936 Docet
1001 872 1088 937 iatud
1116 875 1206 935 Plot-

456 984 593 1055 arehoa,
618 1000 692 1043 enm
710 990 837 1055 narret,
866 976 1018 1039 vexillum
1041 976 1204 1059 princepe,

354 1124 359 1130 -
455 1106 532 1149 cnm
564 1082 794 1165 Carthaginem
825 1104 843 1143 a
875 1080 911 1141 C.
935 1079 1085 1143 Graccho
1117 1079 1206 1141 colo·

457 1187 511 1249 nia
545 1184 784 1259 deduceretur,
821 1197 922 1246 rento
956 1182 1058 1244 iuirae
1096 1178 1206 1242 diffre-

457 1300 545 1353 etom
568 1290 608 1367 ⁸).
647 1286 723 1347 Fuit
743 1298 851 1347 temen
873 1285 955 1346 hoec
982 1283 1112 1347 colonia
1137 1302 1205 1344 non

456 1392 615 1465 militnm,
654 1387 716 1451 aed
749 1407 931 1471 egenorum
968 1386 1100 1450 civium.
1153 1387 1205 1447 Ea

454 1496 616 1557 hectemn
634 1510 718 1573 ergo
739 1489 839 1553 dictis
861 1486 947 1550 interd
967 1502 1112 1563 cerem,
1138 1509 1206 1552 ara·

457 1596 502 1659 tri
539 1607 651 1677 typam
687 1591 829 1655 retorti·
862 1612 967 1675 aequo
998 1590 1138 1673 plehejie
1167 1609 1206 1653 eo

459 1694 653 1761 militaribus
669 1694 866 1771 contenire,
888 1708 984 1777 atque
1002 1693 1090 1755 ietod
1110 1694 1207 1756 etiam

459 1798 502 1865 (le
541 1798 674 1863 vexillia
710 1815 809 1881 poaee
852 1794 1035 1876 adlirmeri3
1079 1794 1207 1859 temetai

458 1901 548 1988 quod
586 1900 628 1963 ed
667 1912 817 1962 noctram
852 1898 1034 1961 inrtitutum
1073 1897 1206 1975 attinet,

459 2004 600 2068 otiorum
622 2000 753 2067 ridetur
773 2000 962 2085 inquirere,
983 2014 1093 2064 atram
1115 1999 1207 2083 rigna

1327 768 1525 845 Alexandria
1547 772 1660 837 Trear.

1326 874 1498 938 Antiochia
1521 872 1671 939 Pieidiee·
1695 950 1698 957 Ι

1325 977 1470 1059 Apamea
1491 970 1672 1058 Bithyniae.

1327 1077 1428 1145 Coela
1450 1080 1568 1142 munic.
1589 1076 1759 1141 Thracica.

1327 1180 1504 1245 Demeaoua
1526 1179 1746 1262 Coeleayriee.

1326 1283 1481 1346 Deultum
1506 1284 1675 1347 Threciae.

1326 1384 1449 1449 Germ
1472 1382 1627 1449 Galatiae.

1325 1488 1471 1549 leonium
1494 1484 1687 1568 Lycaoniae.

1327 1589 1438 1653 italice
1459 1588 1760 1655 montemontano.

1327 1692 1490 1756 Laodicea
1511 1691 1638 1773 Syriae.
1688 1769 1693 1780 .

1326 1794 1483 1877 Neapolia
1505 1794 1678 1858 Samariae

1270 1934 1273 1941 ι
1326 1898 1460 1961 Parium
1480 1895 1616 1977 Myrice.

1327 2001 1445 2064 Petrae
1469 1998 1621 2062 Achaiae.

459 2106 616 2169 militaria
649 2103 811 2167 coloniam
848 2102 1024 2167 militarem
1058 2117 1206 2187 arguent.
1327 2101 1471 2187 Philippi
1492 2096 1718 2163 Macedoniae.

460 2208 593 2272 Etenim
621 2206 788 2281 coloniae,
819 2226 955 2289 querum
977 2204 1136 2269 habemur
1155 2226 1208 2268 ea·

459 2310 615 2395 peratitea
639 2327 773 2383 nomon,
804 2306 935 2390 dempta
960 2328 1024 2371 aaa
1044 2308 1207 2383 alterare,
1327 2303 1504 2367 Romulum
1524 2306 1713 2369 etllemum
1736 2306 1852 2388 adop·
1874 2303 2002 2367 natutae

461 2432 578 2475 omnen
602 2411 699 2472 suere
721 2408 896 2487 militares,
919 2410 1072 2477 nimirum
1090 2431 1108 2471 e
1129 2410 1208 2472 Cae·
1264 2421 1459 2492 perpetuum
1478 2396 1736 2491 fnieeeorigiuia
1754 2406 1805 2470 rei
1822 2408 1866 2472 tt.
1886 2406 2003 2487 aymho·

459 2512 586 2577 eealhua
616 2510 793 2586 dedoctae,
825 2524 862 2573 nt
888 2512 972 2575 adeo
1001 2512 1125 2595 altaque
1155 2531 1207 2574 er·
1262 2512 1348 2587 lom,
1372 2530 1414 2573 ex
1434 2510 1613 2573 innumerie
1635 2508 1857 2573 monumentis
1876 2520 2002 2571 canent·

351 2662 361 2683 ,
460 2612 556 2676 randi
582 2610 734 2694 periculo
762 2613 861 2675 liceat
890 2625 1051 2691 atatoere,
1082 2614 1205 2697 rigueto
1265 2613 1474 2705 Quapropter
1493 2611 1635 2679 condem
1650 2626 1759 2695 typam
1778 2610 1843 2676 aihi
1859 2610 2003 2693 legerunt
2103 2636 2104 2696 p

460 2716 494 2776 in
517 2714 719 2777 coloniarum
740 2714 847 2776 nornie
876 2715 996 2778 vexilla
1024 2716 1146 2783 militet
1172 2717 1206 2775 io
1262 2716 1465 2799 potireimunt
1483 2716 1651 2789 coloniae,
1674 2726 1710 2777 at
1725 2735 1762 2778 ae
1781 2714 1874 2787 velut
1891 2734 1909 2775 a
1924 2704 2003 2775 eom·

461 2816 512 2880 hia
537 2814 734 2879 conatitoioa
762 2818 950 2899 rerpieere,
981 2818 1099 2881 eodem
1129 2836 1207 2881 eane
1264 2818 1353 2879 moni
1391 2830 1496 2880 matre
1531 2830 1723 2901 propagatae
1760 2816 2000 2899 profiterentur.

461 2916 576 2993 modo,
601 2938 667 3001 quo
684 2916 803 2981 uexilla
819 2919 854 2979 in
870 2919 977 2982 numia
994 2920 1205 2985 urhinmnon
1265 2918 1340 3010 an
1381 2918 1479 2982 modo
1521 2920 1617 2983 etiem
1658 2917 1787 2982 Prohua
1826 2920 2003 3002 hagnatua,

462 3018 666 3082 coluuionem
694 3020 869 3103 conopicue
896 3022 1095 3085 excubantes
1121 3021 1207 3103 apud
1263 3020 1349 3083 head
1369 3020 1466 3084 dubie
1484 3034 1520 3082 nt
1538 3041 1574 3083 ee
1594 3041 1719 3104 genere
1734 3022 1917 3084 Romanum
1938 3038 2007 3101 pro·

462 3142 500 3183 ae
530 3120 686 3185 cohorter
716 3121 906 3203 rerpiciont.
951 3126 1007 3187 Sic
1037 3126 1071 3185 in
1101 3123 1207 3185 nuntie
1263 3122 1430 3198 fiteretur,
1452 3144 1569 3187 nemos
1586 3122 1689 3187 edidit
1704 3124 1899 3206 inscriptura
1922 3120 2006 3183 Olli·

462 3220 613 3298 ltalicee,
651 3242 734 3305 qnae
765 3224 975 3307 municipium
1003 3225 1085 3301 fuit,
1121 3244 1209 3289 com·
1265 3225 1367 3289 GlNl.
1396 3225 1497 3292 Ave.
1533 3238 1611 3309 type
1640 3225 1866 3309 gemellorum
1891 3225 2005 3287 lacten·
2101 3266 2102 3303 3

460 3336 580 3408 perone
598 3322 738 3396 vexilla,
768 3324 848 3387 item
877 3326 911 3389 in
939 3328 1046 3391 nantia
1065 3326 1208 3391 Nicaeae
1264 3329 1356 3389 tium.
1381 3326 1509 3389 Eodem
1529 3341 1623 3411 typo,
1644 3328 1704 3391 eed
1718 3330 1840 3403 reciae,
1862 3348 1919 3389 aaa
1937 3338 2005 3387 eunt

462 3438 499 3488 et
516 3424 684 3509 iuliopolis
701 3423 892 3509 Bithyniae,
917 3428 1109 3513 Hieropolie
1128 3428 1211 3510 Cyr-
1265 3430 1363 3493 etiarn
1391 3430 1582 3513 municipia,
1618 3432 1694 3514 qnia
1721 3442 1890 3515 poterant,
1921 3429 2005 3492 velat

359 3542 371 3565 ·
463 3527 623 3605 heaticee,
648 3546 732 3611 quae
752 3549 866 3593 omnen
885 3529 1036 3594 coloniae
1054 3550 1120 3592 non
1138 3528 1209 3593 fue·
1265 3531 1447 3615 adoptionia
1467 3532 1604 3615 quadem
1620 3534 1750 3616 rpecie,
1775 3532 1869 3595 urbis
1887 3532 2005 3594 Romae

462 3649 523 3705 re,
556 3641 596 3693 et
623 3648 698 3692 cnm
725 3634 834 3695 omnia
866 3633 1035 3715 Aegypton
1063 3630 1211 3695 coloniae
1264 3632 1352 3697 iiliee
1380 3635 1496 3715 potari.
1540 3634 1683 3701 Videtur
1719 3635 1818 3697 etiem
1853 3654 1929 3697 eum
1965 3646 2005 3713 ty·
2100 3694 2101 3713 ἶ

463 3750 530 3793 noa
557 3730 715 3805 heberet,
744 3734 835 3795 nami
862 3734 1075 3798 Alexandrini
1107 3734 1211 3817 inape-
1265 3756 1342 3818 punt
1370 3736 1557 3819 peregrinio
1583 3736 1721 3799 urbrhne
1751 3736 1892 3799 enaairae
1924 3734 2006 3797 adse·
2100 3714 2101 3729 ¹

408 3857 411 3864 ·
463 3828 610 3894 rantiltea
637 3834 839 3899 Numeriano
871 3849 907 3897 et
935 3836 1056 3899 Carino
1091 3834 1210 3921 rigueti
1266 3850 1355 3913 ctae,
1394 3850 1451 3901 eut
1485 3838 1646 3914 adolatio,
1683 3858 1759 3901 nam
1795 3838 1891 3901 illum
1930 3836 2004 3899 eirtit

422 3971 427 3982 ·
463 3932 632 4014 legionem
667 3936 710 3997 ll.
744 3936 918 4019 ‘l'rejanam
957 3950 1038 4021 typo
1081 3937 1208 4021 eqailee
1265 3960 1381 4002 numne
1418 3940 1601 4024 Thyatirae
1634 3940 1758 4024 Lydiae
1799 3937 1889 4025 apoll
1931 3940 2006 4021 θρο-

464 4032 665 4116 legionariae
692 4036 860 4101 exhibent.
897 4038 984 4105 Vide
1004 4038 1048 4101 de
1068 4040 1134 4101 hoc
1160 4060 1210 4102 ar·
1266 4042 1355 4104 nium
1375 4038 1420 4123 b).
2050 4110 2053 4113 .

465 4148 620 4216 gomento
648 4138 746 4204 etiarn
767 4139 955 4204 Bimerdura
979 4139 1021 4203 ed
1041 4140 1209 4206 ioberturn
1327 4142 1556 4228 Praecipiente
1606 4142 1778 4207 Hardnine
1813 4144 1846 4224 ⁰)
1894 4140 2004 4213 mbo.

465 4236 504 4296 ¹1¹.
520 4239 560 4303 11.
583 4240 679 4320 pota
1267 4268 1401 4331 querunt
1429 4246 1519 4307 nerui
1547 4260 1734 4331 proponunt
1755 4246 1907 4331 geminos
1927 4270 1946 4309 a
1964 4246 2007 4305 lu·

1265 4369 1306 4431 pa
1328 4348 1481 4424 lectatur,
1509 4349 1578 4431 ipae
1605 4350 1665 4413 hac
1686 4350 1829 4433 imagine
1857 4346 2007 4431 proliten-

1265 4464 1336 4525 tur,
1367 4470 1403 4511 ro
1431 4470 1504 4513 eane
1529 4450 1673 4515 coloniae
1694 4452 1749 4516 vel
1771 4452 1946 4535 municipia
1966 4449 2005 4511 ci·
2098 4452 2099 4455 ’

1268 4552 1353 4615 tiara
1375 4554 1435 4629 lh,
1457 4566 1494 4616 et
1514 4554 1610 4631 illae,
1641 4575 1725 4638 quae
1746 4554 1812 4618 hoc
1834 4567 1913 4637 typo
1933 4568 2004 4615 urae

529 4638 688 4707 Ollereo't
706 4647 791 4710 laurac
811 4662 920 4731 typam
940 4651 972 4711 in
992 4651 1181 4713 nominauit
1266 4674 1331 4717 non
1365 4667 1457 4732 eunt,
1494 4656 1568 4738 jere
1604 4669 1728 4719 lentona
1760 4656 1847 4719 Latii
1882 4656 2006 4740 garitae
2085 4727 2090 4740 Ι

582 4478 636 4543 lll.
662 4480 755 4561 Lupo
773 4482 929 4562 gemellos
953 4482 1095 4545 lactans.

497 4844 534 4904 Al
555 4844 588 4901 lu
600 4844 741 4910 Graccho
757 4875 785 4931 p.
796 4876 832 4914 ro.
848 4868 912 4929 339.
987 4859 1021 4930 b)
1043 4860 1162 4937 voyage
1180 4862 1398 4941 T.111.p.1ea.
1472 4866 1502 4938 r)
1522 4864 1552 4921 ia
1571 4864 1730 4923 Antii-rhet.
1750 4871 1853 4942 pato.

471 4778 2004 4821 Ἦ
2090 4786 2098 5140 l
