4292 5467
525 599 530 609 ’
568 588 643 659 DE
678 588 865 663 ovete
902 588 1311 669 COLONIARVM.
1549 596 1551 603 ¹
1638 616 1708 681 301

159 782 227 851 qne
253 764 338 827 adan
365 761 503 846 amplius
529 779 647 825 mmor
668 761 739 843 ejus
761 759 905 845 generis,
963 782 1079 826 numos
1115 763 1319 829 Patrensium
1347 762 1511 850 Achaiae,
1550 768 1605 853 qni
1634 788 1710 832 cum

158 861 1710 953 qmmwwmmmmffimnffimmmmmmmwmnmmumw

158 982 272 1033 cuent
300 968 520 1045 conditionis,
549 986 633 1053 quas
661 966 696 1028 in
731 977 905 1050 praesenta
963 984 1028 1049 que
1042 956 1210 1051 signarent
1221 971 1337 1036 Latina
1352 973 1546 1057 inscriptos,
1568 971 1628 1036 snb
1642 975 1709 1038 Ne·

157 1069 379 1157 disputatione
400 1073 633 1153 heteroganeer
649 1068 817 1153 appellare
839 1070 908 1153 pla·
962 1087 1045 1129 rone
1060 1090 1193 1133 numum
1207 1074 1422 1156 vulgaverunt
1439 1098 1513 1139 cum
1529 1075 1709 1161 epigraphe

157 1174 238 1241 cuit.
272 1174 326 1238 Ad
340 1175 428 1238 hunc
445 1172 596 1250 modum,
616 1186 654 1235 ut
669 1192 735 1235 uno
751 1170 905 1253 exemplo
963 1168 1090 1233 Graeca
1118 1171 1316 1239 ΝΕΡΩΝΙ.
1338 1172 1588 1241 ΠΑΤΡΕΩΝ.
1615 1177 1709 1239 nullo

157 1290 249 1355 utar,
273 1276 437 1342 Laodicea
459 1276 573 1360 Syriae
595 1272 672 1336 inde
695 1274 736 1337 ah
755 1274 905 1359 Augusto
963 1272 1113 1337 coloniae
1146 1274 1290 1353 indicio,
1320 1278 1379 1341 sed
1406 1280 1499 1361 cujus
1528 1300 1707 1364 reorreaopra

157 1399 263 1465 usqne
282 1379 322 1442 ad
341 1382 523 1457 serarum,
545 1395 610 1465 qno
628 1378 787 1462 temporis
805 1378 905 1438 inter·
962 1376 1138 1439 causamin
1156 1396 1273 1441 eorum
1294 1382 1400 1447 numia
1421 1380 1580 1447 dedimus.
1625 1386 1708 1446 Tam

155 1481 247 1547 valio
269 1482 320 1547 sui
339 1482 419 1562 juris
435 1481 515 1557 fuit,
538 1492 725 1544 constanter
747 1480 781 1540 in
798 1478 905 1541 numia
962 1497 1076 1559 parum
1112 1499 1194 1563 ergo
1232 1502 1274 1545 ex
1309 1484 1469 1568 singulari
1506 1485 1569 1551 hoe
1606 1506 1707 1550 numo

157 1584 291 1669 scripsit
329 1578 581 1647 ῙΟΤΛΙΕΩΝ.
617 1578 904 1657 ΛΑΟΔΙΚΕΟΝ,
931 1578 1096 1660 probari
1122 1594 1250 1664 potest,
1284 1585 1459 1649 Patrenses
1486 1586 1528 1649 ad
1559 1600 1709 1651 veterem

156 1700 214 1749 rut
241 1686 401 1750 similiter.
445 1688 476 1748 A
504 1686 630 1749 Severo
653 1684 793 1747 deducta
815 1682 904 1745 coio-
960 1702 1053 1743 sunm
1084 1683 1215 1747 modum
1248 1685 1433 1766 redivisse,
1466 1710 1560 1774 quam
1592 1711 1707 1773 parum

152 1789 212 1853 nia
236 1803 423 1853 constanter
448 1788 605 1871 deinceps
630 1786 729 1853 COL.
749 1785 904 1849 neom·
959 1783 1047 1853 istud
1070 1784 1113 1847 de
1138 1786 1316 1851 Corinthiis
1337 1779 1463 1853 colonis
1488 1806 1626 1875 propser
1649 1815 1707 1855 nu.

154 1891 262 1968 CBA,
285 1905 339 1954 aut
354 1891 523 1967 similiter,
540 1910 648 1975 neque
664 1886 801 1971 amplius
817 1887 904 1971 prio·
959 1906 1033 1949 mos
1055 1888 1186 1951 maximi
1207 1889 1353 1969 moduli,
1383 1913 1556 1974 quoscum
1581 1896 1708 1979 epigra-

153 2012 230 2059 rem
252 1991 419 2058 scribendi
440 1991 573 2057 modurn
595 1992 743 2077 appetiit.
853 2042 861 2056 s
959 1990 1027 2073 phe
1047 1990 1174 2057 Graeca
1206 1992 1302 2057 unice
1332 1993 1366 2055 in
1390 1995 1523 2057 Antinoi
1543 1995 1706 2061 honorem

219 2097 264 2158 At
279 2095 562 2161 rcroVaillantius
579 2095 617 2156 in·
629 2116 671 2181 ep
690 2112 813 2178 opere,
835 2112 903 2175 quo
958 2092 1133 2178 signandos
1147 2109 1358 2172 curaverunt,
1375 2111 1484 2180 potest
1500 2096 1675 2165 adfirmari.

152 2220 272 2263 numos
290 2198 436 2261 Graecos
457 2198 587 2260 urbium
612 2196 791 2273 liberarum
814 2215 902 2259 com·
996 2196 1158 2263 ‘Vnicum
1188 2198 1322 2281 reperio
1348 2200 1462 2281 Syriae
1487 2201 1704 2278 Antiochiam,

154 2303 274 2385 plexus
294 2287 370 2376 est,
391 2314 459 2361 tum
484 2314 517 2362 et
538 2298 687 2364 nonnulli
706 2299 764 2360 ulii
785 2318 902 2361 numos
958 2316 1065 2381 quae,
1098 2310 1306 2383 posteaquam
1332 2322 1351 2362 a
1377 2300 1543 2365 Caracalla
1566 2302 1705 2366 deducta

153 2404 281 2489 aliquot
302 2402 429 2465 urbium
453 2400 627 2465 ediderunt
644 2401 794 2464 omnibus
814 2400 903 2484 prio·
958 2414 1009 2463 est
1025 2400 1174 2476 colonia,
1198 2421 1272 2463 eum
1288 2422 1406 2467 noram
1428 2416 1496 2464 tum
1518 2404 1705 2468 inchoasset

153 2505 203 2567 ris
231 2504 392 2569 libertatis
419 2503 549 2567 indiciis
578 2516 730 2580 notatos,
762 2523 804 2564 ex
835 2522 901 2586 qno
958 2516 1109 2565 monetae
1140 2502 1281 2567 formam
1308 2525 1383 2567 cum
1417 2506 1586 2570 manifesta
1617 2506 1707 2569 colo-

152 2594 228 2671 illas
259 2621 385 2672 constat
413 2607 516 2670 fuisse
550 2604 706 2669 deductas
742 2603 900 2669 colanias.
956 2604 1031 2666 niae
1062 2605 1252 2682 mentione,
1289 2626 1406 2669 numos
1430 2608 1553 2672 veteris
1578 2607 1704 2671 formae

153 2710 241 2772 Sunt
263 2730 346 2775 rere
372 2709 517 2772 Carrhae
541 2722 575 2771 et
595 2707 722 2770 Edessa
746 2708 901 2789 Mesopo·
956 2704 1034 2771 inde
1063 2706 1104 2770 ab
1125 2709 1350 2791 Augustorum
1371 2709 1509 2773 exordio
1532 2710 1607 2773 cudi
1630 2730 1706 2773 coe-

152 2812 293 2890 tamine,
321 2812 468 2875 Iconium
496 2810 705 2893 Lycaoniae,
735 2808 900 2872 Laodicea
958 2821 1033 2893 ptae
1054 2808 1187 2895 signare
1208 2810 1376 2891 perrexit,
1404 2796 1614 2895 quorum'iHi
1636 2833 1703 2875 ser·

154 2916 293 2997 Syriae,
322 2914 440 2977 Patrae
463 2914 628 2989 Achaiae,
660 2913 767 2993 Tyrus
794 2910 903 2973 Phoe·
957 2910 1067 2975 virent
1096 2910 1169 2973 ueni
1193 2911 1388 2973 colonorum
1409 2910 1639 2991 adscitiornm,
1670 2914 1705 2975 hi

151 3018 269 3083 niciae.
312 3016 438 3084 Verum
471 3016 534 3097 jam
575 3016 655 3078 olim
693 3013 758 3074 late
794 3011 902 3085 docui,
959 3014 1053 3077 solita
1085 3024 1195 3083 essent
1232 3011 1352 3077 civium
1382 3026 1532 3076 veterum
1563 3028 1706 3093 moneta,

151 3121 284 3205 legem,
322 3140 419 3205 qnam
454 3116 554 3183 modo
583 3114 741 3203 praefixi,
780 3113 820 3179 ab
851 3111 901 3175 his
958 3114 1000 3177 de
1019 3133 1095 3197 ‘qun
1131 3112 1263 3197 duplice
1300 3113 1375 3177 soro
1407 3114 1589 3177 monetario
1616 3104 1704 3193 ride,

153 3222 317 3306 exemplis
342 3242 409 3284 non
441 3218 596 3304 infringi,
627 3218 702 3302 qnia
729 3196 806 3281 a'atis
835 3218 901 3299 jam
958 3236 1040 3300 quae
1057 3217 1090 3277 in
1109 3214 1181 3297 ejus
1200 3214 1291 3280 urbis
1307 3216 1414 3278 numia
1434 3215 1598 3299 copiosius
1621 3216 1702 3283 dini.

152 3335 301 3401 constat,
328 3342 446 3387 numos
470 3322 585 3386 citatos
607 3334 662 3384 snt
683 3319 769 3383 male
794 3320 899 3383 iectus
957 3318 1155 3401 Suspicahsr
1178 3318 1280 3394 olim,
1312 3317 1409 3380 etiam
1432 3318 1571 3400 Neapoli
1595 3319 1703 3381 Sama·

150 3428 362 3510 plerosque,
392 3438 448 3489 aut
476 3448 496 3489 a
524 3422 664 3487 falsariis
694 3421 899 3507 depravatos,
955 3422 1025 3485 riae
1049 3421 1168 3485 eodem
1195 3434 1345 3504 tempore
1368 3420 1537 3504 utriusque
1569 3422 1703 3504 generis

152 3549 238 3613 quae
270 3528 381 3593 omnia
411 3524 457 3587 ibi
482 3526 630 3609 exposita
652 3524 730 3590 ride
753 3528 800 3607 ¹),
829 3538 899 3587 tum
955 3544 1072 3587 numos
1097 3521 1311 3607 signatosb),
1342 3520 1402 3583 sed
1429 3520 1555 3584 adverti
1585 3525 1704 3601 seriusr

152 3644 187 3696 ct
218 3650 281 3715 per
308 3630 373 3693 hoc
395 3649 476 3713 opus
498 3628 534 3688 in
562 3627 763 3711 singularum
791 3620 899 3690 nu'mis
955 3626 1017 3689 hos
1035 3646 1167 3711 quoque
1186 3638 1322 3689 statutae
1344 3643 1430 3686 ame
1448 3621 1517 3705 legi
1540 3644 1614 3686 sese
1632 3644 1700 3687 non

151 3746 342 3797 memorata.
384 3730 549 3805 Vnicum,
587 3715 685 3812 quem
723 3728 899 3813 heteroge·
956 3741 1088 3812 gravate
1112 3725 1384 3803 adcommodare,
1413 3737 1449 3788 nt
1470 3725 1505 3786 in
1521 3724 1591 3809 ejus
1609 3725 1699 3791 urbia

150 3828 1180 3915 mmWNmemstmmmmnmmffli

458 4260 463 4269 Ι
589 4148 812 4222 FINIS
871 4147 1170 4224 fanals
1228 4148 1264 4219 la

282 4360 587 4438 'rumve
638 4364 929 4439 OPERIS
978 4359 1444 4437 voevhttotls
1494 4358 1555 4435 tv.

182 4874 213 4941 a)
236 4863 325 4929 Narra.
346 4886 414 4929 vett.
434 4881 542 4959 1³3283.
576 4900 586 4920 ν
617 4865 652 4942 b)
672 4868 690 4924 Ι-
708 4888 733 4927 0·
751 4884 781 4945 P·
797 4876 861 4933 287⁴
