4292 5467
425 646 472 721 00
894 636 1044 713 uvnn
1077 630 1507 709 annxaunnrur.
1620 724 1630 748 Ι

421 820 506 871 rent.
545 805 684 870 Norieio
711 803 776 869 hoe
803 804 950 869 instituto
978 805 1166 871 confirmari
1222 802 1345 890 aliquid
1359 801 1503 867 nondum
1520 800 1653 873 scitum,
1672 796 1873 882 dignumque
1891 792 1972 860 olie-

305 920 308 927 ’
420 922 510 992 putat
536 909 577 971 cl.
595 909 724 990 zoega,
753 906 841 989 quod
867 907 909 971 de
936 909 1034 971 Aelio
1059 908 1166 971 refert
1220 920 1305 971 rant.
1327 908 1380 969 En
1397 905 1456 967 tibi
1472 923 1593 988 pancos
1613 903 1693 965 bos:

419 1010 627 1095 Spartianus,
662 1030 737 1072 eum
764 1008 924 1091 peculiari
948 1009 1085 1095 quadam
1114 1033 1166 1073 ra·
1284 1011 1325 1075 1..
1341 1008 1419 1074 ΚΑ.
1443 1008 1574 1067 Mulier
1592 1004 1761 1066 sedensiu
1779 1002 1878 1063 dorso
1897 998 1973 1079 Iups’

418 1113 514 1177 tione*
544 1111 584 1173 ab
616 1108 782 1172 Hadriano
821 1109 921 1173 fuisso
959 1112 1163 1197 adoptatum,
1220 1112 1385 1174 currentis
1412 1110 1443 1171 d.
1473 1106 1710 1187 cornucopiee,
1746 1122 1774 1164 s.
1801 1101 1967 1165 bacaliam.

417 1234 486 1276 non
504 1225 539 1275 nt
557 1209 733 1292 'I'rajanuns
756 1234 775 1273 a
798 1212 924 1287 Nerva,
952 1214 1012 1277 sed
1033 1212 1107 1276 fere
1130 1227 1166 1276 nt
1223 1213 1293 1276 ΔΕ.
1310 1213 1337 1277 1.
1359 1207 1558 1293 (Theupoli,
1581 1204 1728 1291 Stoscb.)

418 1339 437 1378 a
455 1312 663 1377 Diocletiano
682 1314 906 1375 Constantium
927 1326 961 1375 et
978 1313 1166 1392 Galerium,
1284 1314 1346 1375 Est
1362 1312 1445 1375 baec
1461 1306 1640 1371 indubitata
1656 1306 1734 1383 lsis,
1756 1321 1855 1388 quem
1875 1322 1969 1386 prae·

417 1430 515 1501 atquc
558 1414 645 1476 band
688 1412 785 1475 (lubin
826 1414 1027 1477 Hadrianum
1067 1416 1165 1479 aetio
1222 1412 1338 1498 grandi
1359 1433 1441 1477 cane
1462 1424 1607 1486 sectam,
1627 1427 1728 1493 saepe
1750 1403 1896 1470 offerunt
1916 1425 1971 1469 so·

416 1518 617 1582 Pannoniam
653 1515 701 1579 sic
732 1513 912 1599 regendam
942 1515 1094 1596 dedisse,
1129 1532 1166 1581 nt
1220 1518 1277 1580 nei
1299 1516 1417 1579 minuti
1430 1512 1649 1577 Alexandriae
1673 1511 1857 1593 imperante
1874 1506 1972 1569 lulis·

418 1620 497 1685 alias
535 1615 667 1700 imperii
704 1618 887 1698 provincias
921 1618 1163 1683 Diocletianum
1220 1636 1265 1679 no
1288 1617 1406 1703 signati
1426 1631 1461 1681 et
1477 1614 1594 1679 Latine
1614 1612 1774 1695 inscripti.
1806 1609 1899 1673 Idem
1918 1628 1968 1673 an

418 1720 549 1787 adscitis
586 1717 789 1783 Caesaribus.
835 1718 910 1813 Qno
947 1718 1091 1798 factum,
1128 1734 1165 1784 nt
1220 1734 1411 1803 gementum
1428 1732 1480 1780 est
1495 1718 1592 1781 etiam
1609 1715 1643 1776 in
1657 1713 1764 1777 numia
1778 1711 1891 1775 aeneis
1903 1710 1971 1772 Ha·

418 1822 568 1905 utrique,
598 1819 690 1885 velut
715 1818 943 1899 ιὶυτοπρατορες,
972 1843 991 1884 a
1017 1821 1070 1885 die
1097 1824 1165 1885 col·
1221 1819 1327 1884 sisiani
1346 1833 1382 1883 et
1401 1820 1575 1883 Faustinae
1597 1838 1670 1883 sen.
1696 1814 1867 1881 commatis
1889 1812 1970 1875 item

416 1926 473 1987 lati
500 1922 654 1987 Caesarei
677 1921 782 1997 tituli,
809 1922 980 2005 potestatis
1004 1944 1085 1987 suae
1109 1945 1165 1987 an·
1220 1922 1408 2008 peregrini,
1423 1942 1505 2005 qnos
1524 1939 1640 1983 omnes
1656 1915 1841 1983 recensebo
1858 1914 1894 1975 in
1911 1934 1969 1976 uu·

416 2045 478 2088 nos
493 2024 664 2087 ducerent.
695 2021 763 2085 sed
782 2024 869 2085 enim
887 2025 952 2107 jam
969 2024 1108 2090 vidimus
1128 2026 1163 2086 in
1220 2024 1283 2087 mis
1298 2022 1414 2087 Iuliani
1429 2022 1566 2089 Latinis.
1594 2020 1744 2103 Catalogi
1761 2018 1836 2081 fere
1855 2016 1972 2079 dicunt

417 2126 572 2201 Tiberio,
601 2123 697 2205 hujus
728 2144 859 2209 quoqne
887 2126 994 2189 nnmis
1024 2126 1164 2191 Alexan·
1220 2126 1352 2211 lnpum,
1376 2124 1692 2209 qnodegocanesn,
1717 2120 1839 2205 exiguo
1854 2116 1971 2181 ‹liseri-

417 2227 537 2303 slriuis,
559 2244 634 2289 cnm
651 2226 769 2289 Caesar
791 2239 915 2289 tantum
936 2226 1043 2296 adbuc
1065 2242 1164 2307 esset,
1220 2228 1330 2305 mine,
1360 2243 1436 2291 narn
1453 2228 1551 2309 lupus
1572 2224 1661 2289 alind
1681 2216 1748 2287 non
1772 2235 1845 2302 est,
1871 2239 1971 2304 quam

416 2350 483 2393 non
504 2347 604 2391 annos
621 2327 778 2409 Augusti,
801 2330 860 2391 sed
887 2348 1006 2405 annos,
1030 2350 1073 2393 ex
1097 2351 1163 2413 quo
1218 2330 1308 2395 canis
1335 2329 1428 2393 serus
1456 2340 1492 2390 et
1515 2326 1688 2391 silvestris.
1722 2325 1766 2389 At
1792 2321 1969 2408 oportebat

418 2430 577 2495 Caesarie
593 2448 714 2489 nomen
739 2428 892 2493 Tiberius
915 2433 987 2514 ipse
1009 2428 1163 2505 obtinuit,
1218 2450 1335 2514 parare
1353 2450 1469 2495 canens
1484 2428 1574 2494 mole
1588 2428 1821 2515 conspicuum,
1838 2423 1898 2508 qui
1909 2422 1970 2485 lsi·

417 2532 519 2593 fnisse
540 2530 692 2591 insertos.
723 2526 814 2619 Quae
832 2529 870 2592 ad
891 2531 978 2593 aelii
994 2530 1164 2593 historiam
1219 2531 1297 2599 dem
1313 2532 1414 2599 dorso
1433 2544 1591 2618 gestaret.

416 2630 615 2717 pertinentia
637 2631 812 2712 inscriptus
833 2630 887 2693 hic
908 2654 1010 2695 annus
1029 2632 1162 2707 doceat,

415 2734 492 2797 vide
508 2734 542 2793 in
560 2731 656 2814 bajus
672 2731 819 2797 Caesaris
838 2746 969 2799 moneta
993 2736 1162 2799 commatis
1475 2749 1497 2787 ο
1580 2699 1602 2736 ⁸
1684 2745 1705 2785 0

408 2834 565 2903 Romani·
1271 2840 1321 2901 x12.
1334 2834 1377 2900 P.
1410 2841 1518 2923 Caput
1536 2836 1712 2920 Serapidis
1725 2834 1871 2895 humano
1888 2832 1971 2913 pedi

1215 2941 1309 3005 velut
1322 2942 1399 3005 basi
1413 2944 1617 3020 impositum.
1638 2937 1710 3004 ΔΕ.
1728 2936 1753 2996 1.
1776 2934 1933 3017 (Zoega.)

1280 3040 1372 3103 Idem
1385 3055 1480 3125 typus
1495 3042 1529 3103 iu
1542 3038 1671 3103 Aurelii
1683 3055 1815 3121 qnoque
1827 3050 1863 3098 et
1870 3035 1969 3097 Com·

1205 3142 1308 3205 modi
1330 3144 1437 3207 onmis
1456 3142 1607 3205 recurrit.
1639 3143 1677 3201 In
1700 3158 1744 3203 eo
1766 3136 1966 3221 explicando

1216 3245 1362 3307 nondum
1378 3243 1608 3307 satisfecerunt
1624 3239 1764 3317 eruditi,
1788 3259 1899 3325 neque
1921 3238 1967 3301 cl.

1216 3346 1328 3429 zoega
1350 3346 1392 3409 tie
1414 3366 1456 3419 eo
1477 3366 1546 3407 non
1565 3364 1669 3425 pauca
1686 3342 1855 3406 disserens
1879 3340 1969 3405 desi·

1214 3446 1362 3512 des-atam
1379 3447 1488 3513 lucens
1505 3445 1614 3511 attulit
1631 3448 1672 3529 ξ).

643 3079 947 3176 sermore.¹

480 3290 585 3371 Hujus
609 3308 725 3350 numos
748 3288 988 3355 Alexandrinos
1009 3309 1163 3355 recense·

407 3391 478 3467 bo,
502 3405 536 3454 et
558 3392 729 3473 explicabo
751 3390 787 3452 in
810 3392 916 3455 nuruis
938 3392 1160 3475 Augustorum

416 3492 585 3559 commatis
598 3491 748 3559 Romani.

553 3748 863 3818 ANTONINVS
891 3694 1021 3817 Plus,

1320 3805 1425 3869 ‘sl'ums‘
1445 3806 1674 3893 mythologice
1699 3803 1860 3867 Graecae.

479 3930 580 3996 Nullo
601 3933 665 3995 alio
681 3931 862 4015 imperante
878 3934 969 3995 numi
988 3935 1090 4017 magis
1104 3954 1159 3999 co·

416 4034 519 4114 piosi,
544 4048 579 4097 et
602 4032 704 4117 magis
729 4033 925 4097 variantibus
946 4036 1030 4119 typis
1054 4036 1160 4119 signa·
1276 4056 1525 4125 manans,
1559 4057 1744 4141 Plerosque
1772 4056 1847 4139 ejus
1873 4053 1968 4123 labe·

417 4134 453 4195 ti.
494 4136 561 4196 Eos
587 4154 717 4197 rursum
744 4134 867 4220 aliquot
893 4136 1159 4203 classibnscosn-
1214 4177 1271 4221 η,
1297 4160 1332 4220 i„
1360 4160 1517 4224 ,emp
1534 4158 1666 4223 ⁴form„
1693 4158 1885 4242 Immo,
1912 4179 1968 4225 ῃ.

415 4234 598 4315 prehendo.
1167 4332 1171 4341 ι
1203 4259 1334 4343 pm„

1276 4361 1318 4423 1..
1335 4358 1374 4423 Δ.
1409 4361 1571 4425 Hercules
1597 4364 1708 4425 nudus
1729 4362 1910 4425 decurrens
1933 4364 1968 4424 d.

500 4469 605 4535 Νιιιιιί
624 4476 849 4559 mytholog&
874 4478 1073 4559 Aegyptiae,
1203 4474 1304 4524 ¹terret
1320 4462 1478 4525 comibus
1495 4463 1580 4546 juge
1599 4466 1717 4541 boum,
1743 4486 1772 4529 s.
1784 4463 1919 4527 clavom
1935 4476 1972 4525 et

1214 4563 1324 4644 spolio
1340 4564 1457 4625 leonis.
1478 4565 1549 4627 ΔΕ.
1565 4566 1592 4629 1.
1613 4567 1778 4649 (Theop.)
1846 4562 1870 4613 -’

477 4656 605 4735 Paucos
634 4656 729 4737 hujus
759 4660 894 4743 generis
920 4662 1071 4744 reperio,
1103 4664 1158 4747 qui
1270 4648 1331 4725 ‘En
1346 4663 1478 4755 abactps
1494 4665 1658 4749 Geryonis
1674 4668 1790 4731 boses.

441 4859 484 4927 a)
504 4869 647 4931 pag-eta·
762 4872 771 4881 ·
