4292 5467
438 613 510 682 222
892 587 896 594 ’
1078 593 1281 672 curve
1315 599 1343 672 s„

442 767 586 856 quemvis
605 787 671 833 uon
688 787 763 832 raro
785 780 957 853 utrumque
978 785 1098 828 nomen
1114 784 1189 848 pro·
1244 791 1339 852 puato
1354 763 1597 856 sineutppoourrr
1606 771 1755 846 tirnrtrmr
1773 769 1853 854 eiuru
1876 763 1987 836 itata-

442 873 565 935 miscue
588 871 690 934 fuerit
710 883 909 951 usurpatum.
1245 869 1426 947 ruroristo.
1456 870 1502 932 Oo
1522 894 1587 958 syo<
1609 870 1691 950 ἀξιον
1711 869 1850 955 apiolas
1870 897 1923 950 rap
1945 873 1990 950 εἰς
2105 887 2106 892 ’

504 977 660 1054 Magnum
689 972 759 1033 sine
782 970 882 1032 dubio
905 969 967 1032 suit
990 966 1080 1032 omui
1105 987 1186 1031 sero
1242 970 1321 1056 ripae
1341 978 1530 1056 praeruptus
1550 975 1700 1058 «γενεσθαι
1722 975 1851 1058 (umus,
1872 997 1990 1058 respo»

444 1066 659 1158 sophistarum
684 1093 828 1151 nomen,
860 1072 1031 1155 magnique
1055 1070 1096 1132 iis
1118 1069 1186 1134 vul·
1243 1078 1322 1149 λιςα
1346 1097 1455 1151 ταυτην
1479 1071 1726 1157 ύμωγᾶιτκιτωι
1747 1073 1817 1154 inte
1837 1074 1911 1139 aiore
1933 1100 1987 1153 erp

443 1170 670 1259 g'oeouatituti
688 1175 832 1236 honores
852 1187 885 1235 et
911 1173 1075 1255 praemia,
1098 1169 1187 1255 quod
1245 1195 1351 1259 χαριη
1371 1175 1550 1260 Europum
1575 1176 1758 1256 Engsctisoor
1781 1181 1857 1258 Aue.
1889 1176 1988 1240 barut-

445 1277 601 1340 orationis
622 1277 778 1338 suavitate
797 1288 932 1337 nossent
953 1273 1100 1335 mulcere
1123 1273 1189 1335 aui·
1245 1295 1335 1350 surse
1357 1299 1405 1337 aur
1428 1277 1543 1350 Atheos
1563 1271 1738 1358 Σπηρατος.
1775 1281 1989 1344 Divinitsimi

443 1399 515 1440 mos
549 1375 769 1452 audientium,
806 1389 839 1438 et
871 1373 1028 1459 quidquid
1053 1373 1189 1451 vellent,
1245 1381 1459 1459 imperotores
1476 1379 1614 1442 Seuerus
1625 1393 1655 1441 et
1669 1381 1868 1443 Antoninus
1880 1379 1989 1464 Smyr·

441 1477 654 1563 persuadere,
699 1477 784 1541 Sane
818 1477 914 1559 hujus
946 1496 1041 1539 causa
1069 1497 1188 1539 aureus
1246 1483 1362 1542 necis:
1386 1479 1425 1544 Si
1440 1481 1601 1544 Claudius
1617 1478 1756 1564 Rttfinus
1772 1483 1858 1543 ciuis
1875 1493 1990 1558 uester,

441 1579 621 1662 intemplo
645 1577 808 1662 Delphico
830 1579 921 1641 stetit
941 1577 1103 1662 Gorgias,
1134 1577 1190 1640 alii
1246 1583 1319 1662 qui,
1340 1581 1380 1643 ob
1398 1582 1635 1665 professionem
1649 1583 1841 1644 'studiorum
1859 1596 1893 1644 et
1909 1585 1993 1646 ussi·

441 1679 563 1744 laudati
584 1679 716 1763 publice
737 1680 927 1744 honorificis
949 1680 1114 1744 civitatum
1133 1677 1190 1742 ‹le-
1244 1682 1346 1744 duum
1362 1686 1399 1744 t'n
1413 1683 1603 1761 eloquentia
1620 1685 1740 1756 uitam,
1755 1686 1928 1765 proposita
1940 1704 1993 1746 so·

441 1784 561 1857 eretis,
591 1782 802 1845 constitutum
832 1782 928 1844 otiam
950 1781 990 1844 ab
1014 1782 1191 1864 imperato-
1241 1784 1367 1866 phistis
1390 1787 1569 1846 secundum
1593 1787 1727 1846 diuinos
1750 1785 1909 1861 rnujorum
1936 1805 1994 1846 no·

443 1884 557 1960 ribus,
582 1886 623 1945 'ut
648 1883 704 1967 qui
725 1882 841 1966 viginti
871 1903 972 1946 annos
993 1903 1068 1946 eum
1091 1881 1188 1947 laude
1244 1898 1390 1948 utrorum
1421 1887 1675 1947 constitutiones
1705 1883 1995 1948 VACATIONE

441 1986 637 2062 docuerint,
673 1983 821 2047 maximis
860 1983 1039 2048 honoribus
1077 1999 1111 2048 et
1141 1985 1188 2048 dir
1245 1984 1495 2050 MVNERVM
1499 1986 1653 2068 fruitur,
1676 1987 1768 2049 robis
1785 2007 1857 2048 eum
1875 1998 1989 2069 sponte

443 2087 617 2173 gnitatihus
652 2085 871 2167 perfruantur.
928 2087 973 2149 Et
1000 2108 1083 2152 vero
1120 2109 1187 2151 uon
1244 2105 1286 2150 ac
1314 2090 1500 2148 necessario
1532 2087 1827 2167 compellantibus,
1856 2100 1990 2167 praetu-

441 2211 563 2274 pauces
585 2187 626 2251 ati
644 2209 768 2252 summa
790 2201 944 2264 erectos,
964 2189 1061 2252 variis
1079 2209 1188 2252 exem·
1243 2209 1314 2249 rom
1328 2207 1390 2269 pro
1408 2207 1468 2248 suo
1486 2190 1522 2248 in
1531 2192 1680 2269 putrium
1701 2208 1813 2249 cntore
1835 2193 1989 2268 suscepit,

440 2293 505 2378 plis
527 2291 719 2373 comprobat
736 2290 970 2365 Philostratus,
997 2291 1085 2352 inter
1104 2311 1204 2375 quas·
1239 2288 1461 2366 justissimum
1484 2301 1552 2364 est,
1583 2285 1688 2350 otium
1710 2287 1765 2350 illi
1786 2293 1899 2367 quood
1918 2291 1989 2352 ulio

441 2393 653 2478 praeeipuam
670 2390 824 2454 Herodes
840 2391 966 2453 Atticus
984 2390 1033 2453 bis
1052 2392 1093 2454 ad
1113 2413 1191 2456 eon·
1245 2393 1416 2452 immotum
1436 2390 1599 2471 permitti.
1638 2389 1751 2467 licque
1773 2393 1862 2452 enim
1887 2391 1990 2465 decet,

441 2497 579 2557 sulatum
611 2508 769 2568 evectus,
800 2505 869 2552 tum
894 2505 928 2553 et
955 2490 1020 2553 Dio
1048 2493 1189 2575 Chryso·
1245 2493 1316 2552 viro
1331 2492 1476 2551 suumin
1493 2491 1803 2552 oosobseruantr'arn
1819 2494 1991 2553 detrimen·

443 2611 567 2658 atomus
589 2617 607 2657 a
630 2593 771 2671 Traiano
792 2589 825 2652 iu
848 2611 1001 2668 currum,
1029 2613 1095 2676 quo
1117 2594 1188 2678 ipse
1247 2601 1281 2651 to
1299 2611 1386 2666 esse,
1400 2594 1580 2673 praecipue
1594 2593 1684 2652 vobis
1697 2591 1784 2654 lianc
1793 2613 1853 2674 pro
1866 2615 1905 2654 eo
1913 2611 1993 2674 gro·

381 2767 387 2781 κ
440 2695 643 2770 uehebatur,
665 2691 833 2756 admissus.
864 2691 997 2771 (Suidaa
1018 2694 1078 2754 sub
1096 2692 1187 2760 Διων.
1246 2695 1331 2755 tiam
1346 2691 1606 2774 postulantibus.
1630 2693 1759 2754 Valete.
1780 2693 1906 2775 Legati
1912 2693 1993 2774 sue·

331 2830 336 2838 ·
416 2796 578 2860 ‘Photius
599 2796 679 2857 Cod.
700 2795 791 2874 uoq.)
833 2794 925 2854 luter
949 2793 1124 2878 privilegiu
1148 2795 1188 2858 iis
1245 2806 1324 2856 runt
1335 2797 1421 2855 Aur.
1433 2794 1628 2854 Antoninus
1641 2793 1809 2855 etAslius
1821 2795 1990 2873 Speratum

442 2898 589 2962 conferri
612 2896 706 2958 solita
736 2894 947 2978 praecipuum
976 2894 1037 2957 luit
1062 2897 1188 2959 vacatio
1245 2895 1297 2956 En
1324 2893 1522 2957 rurationem
1548 2912 1720 2954 munerum
1746 2894 1901 2975 sophistis
1928 2895 1992 2974 jam
2105 2955 2106 2962 ,

440 3021 637 3075 munerum,
673 2995 825 3057 nimirum
853 3017 895 3057 ne
921 2997 1024 3059 causis
1047 2998 1188 3082 publicis
1245 3009 1320 3058 aute
1344 2995 1503 3058 Severum
1531 2994 1570 3055 ab
1598 2995 1848 3078 imperatoribus
1871 2996 1991 3057 litteris
2105 3047 2106 3068 ,

441 3100 588 3164 distracti
609 3097 784 3160 detrahere
816 3096 1008 3160 liberalibus
1030 3101 1096 3162 suia
1124 3114 1187 3164 stu·
1244 3089 1382 3182 publicis
1400 3115 1604 3172 concessam,
1628 3111 1661 3158 et
1679 3096 1719 3160 ah
1739 3098 1802 3162 hoc
1820 3098 1993 3163 confirma

442 3203 503 3266 tiis
519 3212 729 3284 cogerentur.
758 3199 839 3280 Ejus
854 3199 983 3264 illustre
1000 3201 1187 3284 exemplum
1245 3213 1328 3274 tam,
1351 3198 1429 3282 quia
1445 3211 1478 3258 et
1496 3197 1664 3280 praeclare
1682 3219 1754 3261 cum
1771 3201 1835 3263 hoe
1852 3200 1991 3264 decretu

442 3302 626 3386 suppeditat
643 3320 803 3375 marmor,
826 3299 913 3383 quod
933 3316 983 3364 est
999 3303 1086 3365 iuter
1100 3303 1189 3367 Oxo·
1245 3298 1993 3384 conspirantemcitstumsupreSmyrnaeorum
2105 3335 2106 3346 ³

440 3403 566 3467 uieusia
586 3403 779 3478 chmx„
801 3400 972 3488 quodque,
995 3424 1069 3465 cum
1094 3423 1189 3487 pree·
1244 3421 1376 3464 numum
1388 3421 1460 3462 cum
1473 3399 1669 3483 epigraphe:
1684 3397 1995 3488 entcTPAraya

439 3526 515 3569 sens
537 3518 764 3587 argumentum
795 3501 915 3564 eximie
942 3504 1109 3582 illustret,
1139 3519 1188 3568 to·
1244 3497 1397 3582 KAooiss
1414 3493 1856 3583 PomluNomcotlttst,
1880 3505 1918 3568 in
1939 3525 1994 3570 cu·

440 3622 509 3671 tum
524 3609 587 3668 bue
602 3605 812 3688 referentium
829 3605 950 3669 risum:
974 3605 1015 3666 Ot
1030 3609 1185 3668 beroenses
1244 3604 1294 3686 jus
1312 3604 1414 3666 altere
1430 3602 1513 3664 facie
1530 3602 1689 3680 Severus,
1706 3604 1891 3685 Caracalla,
1910 3607 1994 3671 Geta

443 3706 668 3787 Awoaeurogre
688 3701 826 3784 Σεκηρος
847 3729 898 3766 aar
920 3705 1102 3782 Arrurstroe
1122 3731 1188 3783 τοις
1245 3705 1398 3769 sedentes
1426 3715 1666 3788 proponuntur.
1709 3704 1780 3767 Alis
1805 3708 1903 3791 hujus
1930 3707 1996 3772 sirr-
2105 3701 2106 3704 ¹

439 3803 634 3891 Σμυρναιοις.
677 3807 719 3868 Et
737 3802 892 3878 Khuobrse
909 3803 1039 3888 Properas
1055 3807 1072 3870 t
1088 3814 1189 3870 nobes·
1244 3811 1332 3881 λειας
1346 3808 1498 3890 exempla
1519 3803 1617 3868 offert
1629 3806 1852 3873 Philostratus
1873 3810 1911 3873 in
1931 3811 1997 3878 vita

440 3930 498 3985 της
517 3906 614 3988 ipos,
635 3903 651 3966 ὅ
674 3898 730 3966 beu
748 3927 803 3980 ror
821 3925 1009 3984 προαιρεσιν,
1031 3905 1051 3987 ἦ
1072 3929 1192 3985 συνεςι»
1246 3909 1400 3970 Favorini
1419 3921 1452 3970 et
1469 3907 1677 3971 Heraclidae.

439 4009 489 4080 {ns
510 4003 653 4090 nurbsrqr,
679 4030 730 4069 aar
747 4026 797 4067 rot
817 4001 848 4067 ir
867 4011 977 4088 λοφοις
993 4017 1189 4092 novembres,
1308 4008 1474 4072 Hactenus
1503 4007 1720 4091 sophistarum
1743 4012 1860 4075 merita
1882 4026 1919 4077 et
1940 4015 1999 4078 ho-

442 4130 495 4186 rus
531 4130 718 4192 nemrrpsrrp
750 4129 817 4181 rote
846 4119 991 4188 σοφιςαις
1022 4133 1103 4170 aare
1132 4135 1191 4184 τας
1245 4117 1345 4174 nores
1371 4111 1583 4193 peregimus,
1611 4111 1676 4194 jam
1697 4127 1732 4175 et
1758 4115 1835 4177 vitia
1862 4129 1897 4178 et
1919 4137 1997 4180 cora·

444 4211 532 4286 beroe
550 4231 608 4272 rur
628 4206 881 4296 resposorium
905 4205 1065 4290 διαταξεις
1083 4210 1190 4274 ΑΤΕ·
1245 4225 1403 4296 temptum
1422 4205 1726 4276 commemoremus.
1765 4213 1901 4297 Operae
1923 4238 1999 4302 pre·

439 4305 592 4371 ΛΕΙΑΝ
606 4307 719 4372 ΤΩΝ
731 4305 1064 4375 ΛΕΙΤΟΤΡΓΙΩΝ
1080 4333 1189 4392 ruens·
1245 4315 1324 4375 tium
1339 4328 1436 4399 puto,
1456 4335 1497 4377 ex
1514 4309 1692 4378 Plutarcho
1708 4315 1930 4397 sophistarum
1947 4340 1999 4384 or·

353 4410 358 4416 ’
440 4429 541 4489 μινυς,
568 4408 650 4493 o'porr
668 4407 757 4474 eiures
773 4407 882 4492 iaaorp
903 4435 1022 4497 urcopsp
1039 4419 1189 4494 retraba-
1245 4429 1312 4478 tum
1331 4416 1490 4499 primum,
1509 4414 1629 4479 deinde
1650 4428 1684 4478 et
1703 4416 1911 4498 aliquatenus
1923 4441 1998 4503 pro-

441 4530 552 4591 perus,
583 4508 679 4590 ipssa
698 4533 753 4585 erp
773 4530 943 4594 scarapsus
964 4535 1037 4576 aare
1060 4537 1095 4578 ro
1117 4539 1189 4598 προς
1245 4537 1394 4599 gressum
1418 4517 1560 4583 referre.
1604 4515 1715 4598 Agens
1734 4517 1793 4580 ille
1812 4519 1854 4584 tle
1874 4523 1998 4586 Mnesi-

443 4604 647 4689 rarnureria
666 4613 806 4691 pthrgor,
825 4634 878 4688 sar
895 4637 954 4698 (γει
972 4611 1018 4690 εἰς
1037 4639 1080 4677 ru
1102 4623 1188 4681 αλλα
1244 4620 1336 4702 philo
1361 4620 1410 4700 ι),
1431 4623 1507 4704 firs‘t
1528 4619 1603 4696 tric,
1624 4616 1750 4699 inquit,
1778 4641 1845 4684 nors
1871 4639 1997 4700 orator,

474 4817 505 4888 a)
520 4813 555 4871 in
570 4812 768 4875 Themistocle
785 4835 851 4893 esp.
866 4831 895 4882 2.
