4292 5467
587 588 737 666 nvnr
769 588 1230 674 annxsnnnmtn„
1628 610 1677 708 po
1799 691 1801 694 ,

116 756 315 823 minutiores
353 778 486 847 quoque
521 759 603 825 ulios
632 759 665 822 iu
697 758 870 823 Commodi
926 778 993 844 quo
1028 759 1112 829 obiit
1147 760 1313 827 Aureliis.
1364 760 1505 827 Duravit
1542 762 1570 827 is
1606 783 1672 829 uns

116 862 204 942 Aug.
226 874 359 923 moneta
380 862 539 945 reperias.
584 860 621 923 ld
643 880 746 945 genus
767 862 868 926 habeo
926 880 1001 925 oum
1034 882 1119 953 auno
1147 864 1181 927 K
1209 863 1375 949 conjuncti
1405 865 1537 949 imperii
1566 886 1670 950 usque

115 980 195 1025 eum
217 962 258 1027 1..
275 963 321 1027 A.
336 961 378 1026 Β.
394 961 433 1027 Δ.
451 960 488 1025 G.
509 960 599 1037 522.
614 960 658 1027 H.
679 959 719 1023 Θ.
735 964 795 1025 ΙΑ.
812 958 869 1025 ΙΓ.
926 962 965 1025 ad
986 961 1077 1043 ¹diem
1098 964 1215 1027 XXIX.
1237 953 1377 1051 Augusti
1406 966 1553 1051 ejusdem
1583 965 1671 1046 anni,

115 1063 206 1148 apud
223 1064 440 1150 Migonion,
461 1063 608 1149 aliosque
629 1083 761 1149 pauens.
803 1066 869 1129 No·
926 1082 991 1147 qeo
1021 1066 1133 1149 eoepit
1160 1067 1279 1130 sociari
1305 1066 1344 1129 L.
1366 1066 1405 1132 Β.
1436 1083 1509 1133 oum
1531 1072 1570 1132 L.
1592 1071 1672 1137 ΚΑ.

115 1166 177 1244 ri,
206 1165 243 1229 iu
264 1166 416 1249 Arigonii
436 1164 572 1249 picturis
594 1186 691 1249 saepe
714 1162 813 1227 fidem
835 1179 869 1229 et
926 1178 960 1229 et
993 1166 1192 1232 circumacto
1222 1169 1448 1233 Alexandrino
1485 1172 1550 1235 hoe
1585 1190 1670 1234 anno

116 1266 366 1332 adcurationem
384 1266 586 1345 desiderari,
606 1280 641 1331 et
654 1266 742 1355 iorte
759 1268 792 1329 in
810 1268 868 1331 ho·
924 1266 964 1328 L.
979 1262 1019 1332 Γ.
1037 1286 1110 1329 enm
1127 1269 1166 1333 Β.
1182 1267 1270 1347 ΚΒ,
1291 1286 1373 1352 quos
1396 1272 1486 1356 ipsos
1505 1286 1672 1356 praestan·

116 1392 195 1433 rum
224 1370 391 1434 nonnullis
420 1381 599 1453 peecatum
636 1368 761 1453 ioripto
792 1368 870 1431 feei·
923 1366 1066 1431 tissimus
1083 1369 1136 1432 hio
1157 1391 1274 1433 numus
1296 1372 1391 1437 sistit.
1434 1372 1479 1436 Et
1500 1392 1582 1438 vero
1602 1392 1672 1436 non

115 1472 152 1536 le
177 1472 210 1535 A
232 1491 294 1557 pro
318 1464 372 1548 A,
399 1470 454 1535 vel
475 1468 505 1533 Z
527 1478 593 1555 pre¹
609 1469 673 1531 KZ
695 1482 730 1533 et
756 1469 870 1533 simili·
924 1468 1055 1533 unicum
1086 1469 1173 1533 istud
1205 1472 1393 1555 exemplum
1420 1487 1471 1537 est
1499 1495 1670 1554 annornm,
1729 1523 1731 1532 .

116 1589 192 1651 ter,
221 1586 254 1637 at
277 1573 421 1636 omnium
439 1570 539 1635 fidem
565 1571 707 1653 intanto
727 1588 867 1649 numero
924 1570 980 1656 qni
1010 1569 1182 1657 aduplioe
1217 1574 1380 1658 principio
1414 1575 1672 1659 pendent,'nni

119 1678 153 1739 in
181 1674 322 1739 dubium
348 1692 468 1739 voosre
497 1671 645 1759 iniquum
673 1673 771 1739 foret.
813 1674 898 1737 aas.
923 1672 1099 1755 eidemque
1130 1694 1230 1738 numo
1255 1675 1442 1755 illatorum,
1479 1699 1554 1741 nam
1580 1680 1672 1743 idem

119 1778 203 1842 haee
235 1778 271 1840 iu
287 1776 398 1840 ‚citato
428 1793 526 1859 supra
555 1792 656 1837 numo
683 1776 867 1855 Pellerinii,
923 1774 1000 1837 nlihi
1020 1794 1150 1860 quoqne
1173 1775 1275 1840 fnisse
1306 1778 1341 1839 in
1368 1801 1451 1857 usn,
1472 1779 1612 1845 vidimus
1634 1781 1671 1842 in

122 1876 265 1943 unctoria
295 1897 373 1942 sane
402 1876 510 1961 granis
539 1896 576 1940 ao
597 1873 704 1939 fidelis
724 1877 865 1962 legitur:
922 1873 1029 1937 nnmis
1050 1875 1241 1954 Ascalonia,
1262 1876 1395 1957 Gazae,
1422 1901 1462 1945 eo
1493 1880 1671 1965 praecipue
1702 1912 1703 1915 ¹

123 1976 365 2044 oxennoc.
391 1978 433 2043 n.
452 2000 483 2053 s.
527 1976 812 2063 emensum·
832 1979 867 2041 tn
924 1977 1137 2041 antiochenis
1157 1963 1281 2061 Syriae.
1326 1980 1420 2076 pase
1441 1981 1543 2046 fuera
1563 2004 1669 2073 cana,

121 2082 250 2144 laudata
280 2101 338 2145 sua
369 2077 598 2145 dissertatione
637 2082 715 2144 citat
750 2100 867 2146 numos
924 2097 984 2143 our
1012 2078 1047 2139 in
1083 2077 1155 2143 eliis
1176 2080 1352 2146 Commodi
1381 2084 1488 2147 nuruis
1518 2098 1672 2150 notaren-

121 2182 247 2246 similes
265 2202 340 2246 oum
355 2181 395 2243 Β.
415 2179 457 2246 Α.
477 2175 517 2247 Γ.
537 2179 577 2242 Δ.
592 2176 638 2249 H.
663 2179 883 2245 GNATOTa
923 2193 978 2261 tur
998 2178 1075 2243 anni
1100 2180 1235 2265 imperii
1257 2183 1441 2267 oonjnnoti,
1469 2184 1505 2246 in
1526 2184 1598 2249 aliis
1622 2185 1671 2249 di·

121 2286 163 2355 Vt
192 2303 280 2368 ergo
318 2294 446 2348 eertum
477 2294 549 2360 est,
583 2294 712 2355 suntme
749 2303 867 2348 numos
922 2281 1027 2360 vulsi,
1058 2296 1094 2345 ut
1110 2280 1244 2347 difficile
1266 2297 1317 2347 est
1333 2284 1470 2371 adsequi
1478 2271 1491 2365 ‚¹
1509 2288 1557 2351 sie
1573 2308 1671 2373 repe·

119 2386 238 2451 moeris
271 2385 323 2448 his
358 2383 451 2449 annis
480 2392 633 2461 notatos,
667 2382 713 2447 ita
747 2384 868 2449 mirum
922 2382 994 2461 rio,
1022 2402 1225 2469 nequaquem
1247 2384 1335 2449 istud
1359 2409 1447 2454 nune
1471 2390 1612 2473 primum
1635 2391 1672 2453 in

120 2486 289 2573 proiecto,
314 2505 431 2549 eorum
448 2484 574 2547 nullum
596 2497 726 2550 exstare
745 2487 780 2549 in
799 2507 868 2551 mo-
922 2485 1073 2570 Aegypto
1096 2484 1199 2548 inisse
1226 2487 1460 2567 eonstitntnm,
1489 2512 1564 2555 nam
1585 2493 1672 2576 ejus·

122 2591 184 2655 seis
199 2589 382 2664 Caesareo,
398 2586 645 2672 Theopoliano,
663 2587 866 2666 Stosohisuo,
924 2583 1000 2649 dem
1029 2598 1165 2651 naturae
1187 2587 1374 2673 exemplum
1404 2590 1550 2655 offerunt
1578 2593 1670 2657 numi

121 2712 157 2757 au
175 2702 352 2776 praeterea
372 2687 500 2753 nullum
520 2687 638 2753 herum
660 2680 765 2755 risum
792 2709 868 2755 oon·
923 2685 1107 2752 Ptolemaei
1125 2686 1352 2773 Philadelphi,
1380 2691 1414 2753 in
1436 2714 1576 2777 quornm
1598 2696 1671 2759 aliis
1809 2702 1814 2711 '

121 2794 279 2858 latissimo
298 2790 455 2875 zoegae,
490 2809 566 2853 uam
592 2808 674 2875 quos
693 2790 789 2873 hujus
811 2810 869 2877 go·
924 2789 1153 2854 continuantur
1170 2790 1246 2854 snni
1261 2783 1361 2874 patris
1376 2794 1523 2873 Soteris,
1544 2796 1579 2858 in
1596 2796 1670 2861 aliis

122 2894 209 2961 neris
230 2892 424 2976 descripsit,
445 2910 560 2957 omnes
580 2911 624 2956 ex
643 2892 784 2957 aliorum
798 2891 866 2958 fide
922 2890 986 2953 etsi
998 2890 1114 2954 eudem
1130 2903 1236 2955 aetate
1248 2892 1335 2957 ensis
1349 2893 1450 2960 solius
1459 2895 1671 2984 Philadelphi

122 2997 283 3063 recitavit.
301 3023 304 3029 ¹
920 2992 999 3057 euni
1018 2994 1258 3075 exprimuntur.

180 3098 244 3161 His
265 3095 400 3161 ulterius
414 3106 551 3160 namrao
567 3095 715 3161 numeris
731 3094 869 3163 indicari
975 3092 1113 3178 Operae
1131 3086 1275 3177 pieriam·
1287 3094 1411 3176 visum,
1426 3097 1588 3166 exhihere
1604 3100 1670 3168 hoe

124 3221 222 3265 annos
253 3198 388 3283 imperii
423 3195 596 3261 Commodi
633 3196 759 3275 solius,
794 3209 868 3263 eto
922 3196 999 3259 loeo
1017 3196 1216 3281 diagramma
1230 3194 1503 3283 chronologicum
1521 3196 1670 3269 excom.

124 3302 228 3387 primo
266 3300 337 3384 ejus
371 3316 457 3362 unno
493 3310 569 3383 post
605 3298 707 3382 patris
743 3292 868 3364 obitum
922 3295 1013 3360 modi
1027 3296 1134 3359 nnmis
1151 3296 1302 3377 ductum,
1317 3298 1532 3367 iuuonnullis
1545 3307 1669 3371 anetina

126 3404 263 3481 doetus,
300 3398 525 3470 indubitatum.
572 3398 754 3466 Enimvero
790 3400 866 3467 luee
922 3398 1005 3479 illo,
1035 3396 1264 3482 quodeodsm
1284 3399 1423 3464 oonsilio
1444 3402 1598 3471 instruxit
1620 3408 1669 3471 ine

124 3506 242 3570 elarius
271 3502 359 3566 istud
388 3500 591 3566 demonstrat
610 3520 728 3565 numm
749 3503 869 3587 Arign-
922 3499 1025 3585 signis
1041 3498 1218 3581 Bellene,
1238 3518 1282 3563 ex
1305 3518 1371 3583 quo
1392 3504 1579 3587 sppurehit‚
1599 3528 1668 3572 non

122 3606 168 3671 nii
187 3603 348 3693 qnuntiois
369 3602 487 3687 pretii,
516 3590 676 3688 quiunus
697 3603 866 3688 utriustpae
923 3602 1023 3667 modo
1044 3599 1219 3685 inscriptos
1239 3600 1412 3665 Commodi
1431 3624 1533 3669 annos
1549 3608 1670 3673 attius·

122 3724 256 3773 naturae
295 3723 398 3771 minos
440 3704 613 3782 eontinet,
655 3724 799 3789 superno
825 3706 866 3771 1..
924 3722 988 3790 que
1004 3701 1123 3768 eslouli
1139 3714 1204 3767 tum
1221 3702 1387 3788 singulos,
1408 3725 1506 3792 quam
1526 3710 1615 3775 iuter
1629 3702 1667 3779 so

122 3808 191 3876 KB.
213 3808 345 3872 inferne
368 3800 576 3890 1..1'.·t'ypo
597 3806 723 3872 Romae
751 3805 868 3871 seden-
923 3804 1060 3870 eollatos
1075 3803 1141 3868 rite
1154 3802 1358 3889 procedere,
1374 3806 1564 3891 sedetiam,
1584 3833 1668 3898 quas
1715 3793 1720 3804 ’

123 3914 164 3975 tis
185 3916 228 3993 ι).
271 3908 318 3976 Vt
344 3925 428 3989 ergo
454 3920 595 3993 uterque
624 3908 678 3974 hio
710 3928 867 3973 numerus
922 3906 957 3968 iu
981 3906 1021 3971 iis
1047 3904 1088 3971 ad
1112 3905 1281 3971 historiam
1304 3913 1481 3991 spectantia
1502 3909 1666 3995 notantur,

122 4014 225 4097 possit
244 4025 332 4078 sture
354 4010 470 4086 simul,
491 4027 628 4073 neeesse
651 4023 720 4087 est,
748 4030 868 4082 anunm
923 4028 998 4073 oum
1029 4008 1233 4091 temporibus
1270 4010 1441 4094 praeclare
1468 4005 1503 4079 e't
1531 4016 1665 4083 immoto

126 4114 254 4181 Adaei
279 4135 304 4180 a
325 4112 380 4179 die
402 4112 504 4183 xvu.
526 4111 637 4175 Martii
658 4110 699 4182 V.
720 4110 756 4179 C.
781 4112 879 4205 933.Ἰ
924 4112 1088 4178 connecti.
1201 4135 1206 4145 ·
1306 4101 1323 4145 ⁴
1600 4142 1605 4151 ·
