4292 5467
342 687 346 705 Ι
481 571 555 653 sno
841 525 848 534 ’
1095 555 1298 645 carvr
1331 563 1406 645 ra

482 737 626 804 Arabum
643 739 804 823 propheta
819 753 852 802 et
870 738 1059 823 legislator,
1089 751 1230 824 propter
1289 741 1462 822 Olympico
1480 737 1552 825 sbo-
1571 739 1630 806 sed
1648 742 1829 832 qui-'anuos
1846 756 1905 806 sou
1922 744 1991 808 cols·

481 840 649 906 doctrinae
671 843 850 905 novitatem
870 841 1012 920 inrisus,
1039 842 1151 926 fugam
1178 863 1229 905 ur·
1283 841 1361 906 brea
1375 841 1451 906 illos
1470 839 1566 906 ludos
1582 839 1773 926 Olympicus
1785 835 1930 922 qullde,
1944 845 1990 909 ssd

481 945 594 1028 ripere
617 957 668 1006 est
689 955 841 1018 coactus,
873 965 979 1028 aquo
1005 965 1090 1008 anuo
1112 963 1228 1008 omnes
1284 944 1433 1028 privatim
1451 944 1614 1008 Anazarbi
1635 957 1725 1009 actos
1745 945 1890 1032 respicit,
1905 938 1939 1009 'nt
1955 945 1992 1008 di·

480 1045 581 1108 bodie
610 1043 735 1108 Arabes
764 1045 924 1128 epocham
965 1065 1055 1109 suam
1094 1045 1226 1124 ducunt,
1284 1045 1444 1111 rimosis
1472 1047 1543 1130 ejus
1565 1047 1655 1110 urbi·
1678 1041 1816 1113 moneta.
1855 1047 1933 1110 Alias
1949 1047 1993 1112 de·

482 1167 577 1232 quam
605 1149 762 1230 Hagiram
789 1147 974 1230 appellant,
995 1147 1029 1210 id
1057 1161 1129 1212 est:
1153 1169 1228 1232 per·
1282 1148 1360 1212 iude
1396 1149 1538 1232 epochas
1575 1163 1669 1212 certo
1697 1151 1865 1233 regiorum
1890 1151 1992 1226 motat

480 1253 692 1314 secutionem.
735 1249 858 1325 Vides,
881 1269 995 1313 omnes
1017 1251 1075 1314 bas
1098 1267 1227 1315 aerata
1283 1250 1362 1314 alias
1378 1251 1528 1334 privatim
1544 1250 1726 1315 civitatibus
1743 1252 1842 1314 tuisse
1863 1251 1992 1334 proprias,

481 1350 688 1416 memorabili
719 1349 858 1436 quodam
880 1339 1019 1416 ¹erentu
1049 1350 1226 1436 proficisci,
1283 1373 1360 1416 mox
1387 1338 1567 1428 diximus,
1584 1365 1619 1416 et
1653 1355 1732 1417 satis
1768 1353 1850 1416 iutra
1883 1338 1990 1436 patebit

481 1467 515 1519 et
535 1473 647 1540 parum
666 1454 822 1528 interest,
845 1465 952 1516 utrum
971 1452 1099 1533 fausto,
1120 1475 1161 1518 an
1178 1453 1229 1516 fu·
1283 1455 1422 1518 Romani
1448 1456 1498 1518 asi
1514 1467 1588 1517 sunt
1605 1473 1681 1517 aera
1704 1453 1793 1515 orbis
1814 1440 1887 1516 ause
1907 1453 1995 1518 condi·
2080 1456 2082 1537 ᾗ

483 1571 587 1622 nesto.
633 1557 676 1620 Vt
698 1557 847 1637 integrae
869 1559 1039 1632 nationes,
1069 1559 1117 1620 sio
1137 1576 1228 1618 seor
1284 1571 1363 1634 tae,
1399 1576 1537 1642 eamque
1562 1577 1629 1620 nou
1656 1576 1734 1620 raro
1768 1557 1994 1640 ascriptoribus

482 1661 543 1723 aim
572 1659 719 1726 civitates
751 1677 789 1722 ae
819 1656 937 1739 oppida
972 1679 1044 1722 suaa
1081 1659 1229 1721 habuere
1284 1659 1350 1721 auis
1388 1671 1572 1741 usurpatam
1608 1658 1761 1741 legimus.
1813 1658 1861 1718 Ex
1893 1659 1994 1722 calculo

481 1759 625 1848 epochas
654 1769 783 1821 suomet
810 1757 946 1822 arbitrio
976 1759 1161 1844 adoptatus,
1191 1773 1228 1822 ut
1283 1763 1329 1823 tt.
1349 1759 1525 1839 Varronis,
1556 1771 1754 1823 uttcstatur
1773 1757 1949 1823 Plutarchus
1964 1763 1995 1842 el,
2080 1786 2082 1820 t

480 1863 630 1947 proxime
663 1859 845 1926 docebitur.
890 1861 1062 1944 Propriam
1093 1879 1155 1946 per
1179 1864 1228 1946 jo·
1283 1861 1412 1924 condita
1436 1859 1498 1926 fuit
1516 1864 1620 1924 Roma
1639 1860 1842 1944 Olympiadis
1858 1863 1906 1930 Vl.
1931 1880 1996 1926 seru
2080 1860 2081 1863 ’

482 1945 2082 2047 mmmmmffimmmmmmmmmm.

479 2067 530 2131 bis
553 2063 668 2130 clausit
696 2063 866 2148 epistolam
889 2061 930 2132 td
951 2065 1116 2130 Atticumt
1144 2069 1227 2130 Post
1283 2066 1463 2147 respondet
1501 2085 1605 2128 anaor
1638 2077 1716 2128 aute
1745 2059 1900 2128 Cbrist'um
1923 2069 1995 2148 764„

481 2169 693 2232 Leuctricam
706 2187 853 2248 pugnum
869 2169 923 2230 die
936 2171 1225 2250 septingentesimo
1283 2151 1413 2250 periodi
1435 2155 1578 2229 luliause
1600 2167 1716 2256 ξφα,
1745 2188 1809 2251 quo
1832 2165 1938 2230 deiude
1956 2165 1997 2228 dis
2080 2172 2082 2203 ³

480 2273 688 2352 sexagesimo
727 2271 842 2346 quinto
866 2267 912 2350 ⁸),
946 2287 1008 2352 qua
1040 2267 1067 2330 ia
1099 2269 1226 2333 occulta
1282 2282 1354 2332 acta
1371 2269 1542 2353 quotannis
1559 2269 1698 2346 Palilia,
1718 2270 1790 2332 aire
1813 2269 1929 2332 Parilia.
1964 2271 1998 2329 tt
2080 2274 2082 2304 ¹

482 2369 629 2434 oratione
650 2368 813 2431 intellexit
832 2367 967 2432 caedem
982 2367 1021 2432 Ρ.
1036 2369 1144 2433 Clodii
1163 2367 1227 2433 sibl
1283 2389 1363 2440 rero
1382 2370 1582 2439 Varroniano
1605 2371 1687 2434 baec
1711 2370 1838 2456 epocba
1858 2391 1917 2436 uou
1931 2389 1947 2433 a
1963 2370 1997 2430 di

479 2471 710 2546 infensissimi,
738 2469 829 2551 cuju·
854 2471 1001 2532 nuntium
1024 2485 1110 2534 tauta
1136 2473 1228 2537 volu·
1283 2487 1336 2536 cto
1354 2491 1440 2535 auno
1455 2485 1489 2534 ct
1506 2471 1577 2548 die,
1600 2473 1660 2534 sed
1682 2493 1701 2536 a
1727 2475 1874 2556 proxime
1889 2490 1999 2557 seques·

481 2586 570 2656 ptate
589 2572 732 2654 accepit,
755 2583 790 2631 ut
808 2589 865 2632 res
881 2570 976 2654 digna
995 2571 1179 2650 rideretur,
1208 2593 1226 2636 a
1283 2575 1368 2638 tibus
1390 2573 1544 2637 Kalendis
1566 2575 1728 2637 ianuariis
1753 2573 1828 2637 anui
1853 2573 1998 2657 proleptiti

481 2695 543 2759 qua
561 2671 718 2752 deinceps
739 2685 887 2756 tempora
907 2687 1107 2737 numeraret.
1138 2662 1224 2738 'Eam
1282 2675 1397 2738 iuliani
1421 2689 1495 2739 aute
1518 2674 1683 2738 Christum
1703 2675 1781 2758 753.
1809 2673 1936 2742 ducitur.
1971 2679 1998 2735 lo
2080 2654 2082 2678 Ι

479 2795 562 2843 vero
598 2774 700 2856 ipsam
728 2772 804 2835 alibi
834 2793 964 2858 quoque
992 2772 1146 2841 iudicarit
1174 2774 1224 2836 his
1281 2791 1469 2850 causaest,
1500 2775 1589 2860 quod
1622 2797 1691 2840 nou
1722 2777 1798 2840 satia
1825 2776 1998 2854 constat,in
2080 2775 2082 2781 ’

480 2876 592 2944 verbis
614 2871 671 2958 b):
704 2873 868 2957 Ephesum
897 2879 1045 2938 venimus
1066 2897 1088 2936 u
1108 2878 1140 2939 d.
1157 2875 1223 2939 XI.
1282 2901 1379 2966 quem
1406 2879 1482 2944 anui
1505 2879 1623 2942 iuliani
1646 2878 1737 2941 diem
1763 2878 1891 2942 Romuli
1914 2891 1997 2941 aetate
2080 2948 2081 2959 χ

482 2980 558 3044 Kal.
579 2979 672 3041 Sext.
688 2979 896 3058 sexagesimo
911 2989 946 3038 et
962 2979 1224 3060 quingentesimo
1280 2982 1415 3057 Palilia,
1444 2982 1513 3044 sire
1550 2980 1665 3042 natalis
1703 2978 1817 3054 urbis,
1843 2979 1999 3044 inciderint.
2080 3062 2081 3067 ἵ

477 3091 554 3159 post
569 3097 717 3162 pugnam
736 3077 914 3142 Boviilom.
1281 3085 1326 3146 At
1353 3081 1532 3146 seeundum
1563 3081 1760 3144 seutentiam
1781 3082 1889 3152 Verrii
1910 3081 1999 3143 Flacci
2080 3080 2082 3161 ,

544 3179 664 3244 Graeci
693 3178 895 3262 generatim,
927 3191 996 3240 tum
1024 3192 1058 3243 et
1085 3179 1225 3242 Romani
1280 3185 1315 3248 iu
1340 3183 1431 3248 fastis
1452 3183 1644 3266 Capitolinis
1669 3185 1799 3248 Romae
1823 3181 2002 3248 conditoria

480 3265 612 3365 duplice
636 3279 734 3344 modo
753 3299 854 3342 annos
871 3279 1000 3362 signare
1028 3296 1103 3343 auut
1124 3281 1224 3358 soliti,
1280 3285 1442 3350 llalendas
1472 3287 1537 3348 iau.
1575 3287 1652 3350 anui
1691 3286 1876 3371 sequentis,
1903 3300 1999 3363 nempe

478 3385 504 3449 t.
529 3381 712 3445 constitutis
731 3379 884 3464 epochis,
913 3395 949 3443 ut
973 3401 1048 3444 mox
1073 3380 1223 3458 diximus,
1281 3388 1321 3451 Δ.
1343 3385 1385 3450 X.
1407 3389 1480 3469 7⁵²·
1504 3384 1666 3450 differtur.
1711 3389 1797 3453 Vtra
1818 3388 1860 3451 sit
1877 3382 2002 3470 probabi·

479 3486 518 3546 11.
535 3483 775 3568 magistratibus
792 3483 972 3565 epouymia.
1007 3483 1254 3566 Epocbaomu
1280 3489 1363 3566 lior,
1395 3486 1530 3550 difficile
1566 3499 1618 3550 est
1653 3487 1820 3553 arbitrari.
1861 3488 1945 3552 Aliae
1962 3484 2003 3548 ad·

479 3587 569 3650 nium
591 3583 832 3658 celeberrima,
863 3596 898 3645 et
925 3603 1008 3668 quae
1029 3582 1069 3647 ad
1092 3585 1221 3650 uuiver-
1280 3591 1345 3654 buc
1361 3587 1457 3652 fuer'e
1476 3591 1516 3653 ab
1538 3591 1590 3652 bia
1607 3589 1760 3653 diversae
1780 3586 2005 3656 senteutiscca·

480 3708 547 3752 sam
569 3685 740 3750 Graeciam
763 3683 879 3759 valuit,
909 3683 1004 3748 fuere
1026 3685 1096 3748 ludi
1112 3687 1224 3770 Olym·
1279 3693 1383 3767 tonis,
1405 3691 1498 3754 Fabii
1520 3691 1683 3767 Pictoris,
1705 3691 1856 3774 Polybii,
1882 3687 2004 3760 Ausonii,

480 3791 571 3875 pici,
601 3807 664 3872 qua
688 3785 737 3848 usi
759 3785 935 3868 praecipue
963 3799 1038 3850 aunt
1066 3807 1133 3853 uon
1155 3808 1224 3853 mo·
1281 3793 1509 3878 aliorumque,
1542 3793 1584 3857 de
1616 3795 1735 3878 quibus
1760 3793 1836 3860 vide
1858 3788 2004 3858 chronolo·

481 3893 523 3957 do
545 3887 707 3953 annalium
737 3887 934 3970 scriptores,
966 3887 1025 3951 sed
1047 3890 1146 3954 etiam
1168 3892 1224 3955 alii
1281 3911 1360 3980 gos,
1390 3915 1428 3958 oc
1458 3896 1637 3982 praecipue
1659 3879 1853 3960 Pocrinium
1884 3892 1931 3972 i),
1956 3867 2006 3951 ἦ·

478 3982 597 4078 passim
633 4001 726 4066 tum,
766 4007 839 4051 oum
876 3987 1014 4052 illustris
1056 3989 1223 4077 cujusdam
1280 3997 1401 4061 tarium
1417 3997 1468 4079 ·),
1491 3983 1686 4082 ragiunt).
1731 3999 1802 4061 Noa
1821 3999 1856 4059 iu
1875 3995 2006 4059 uuirerso

477 4094 556 4160 facti
578 4089 769 4155 memoriam
791 4101 901 4165 certo,
933 4091 1149 4180 omnibusque
1170 4117 1224 4162 uo·
1280 4097 1346 4162 boc
1377 4115 1482 4181 opere
1503 4097 1744 4168 Varroniauam
1774 4099 1879 4164 sumti
1906 4111 2006 4166 sumus

481 4197 572 4281 guito
599 4213 683 4258 anuo
707 4191 829 4276 placuit
857 4205 982 4258 notare.
1024 4195 1117 4266 Haec
1146 4217 1223 4282 epo
1279 4218 1374 4284 quam
1403 4200 1480 4263 iude
1513 4179 1664 4264 amorre
1686 4194 1832 4286 Augusti
1852 4201 1886 4262 in
1914 4217 2007 4260 monu-

479 4298 540 4362 cha
561 4298 596 4358 iu
612 4291 878 4357 numiauecdum
902 4293 964 4359 tuit
985 4295 1223 4377 observata,si
1278 4302 1398 4367 mentis
1437 4301 1579 4387 publicis
1618 4303 1721 4386 megia
1767 4301 1915 4387 usurpari
1946 4315 2007 4363 coc·

480 4399 591 4461 demas
620 4394 785 4459 Anazarbi
816 4393 950 4461 Ciliciae
978 4415 1117 4463 numos:
1148 4397 1221 4468 ΕΤ.
1277 4415 1385 4489 ptam
1416 4413 1452 4467 et
1477 4418 1571 4467 nuuc‘
1588 4405 1729 4468 maxim
1760 4404 1894 4488 probari
1919 4399 2007 4464 erodi·

479 4493 628 4562 teror.
658 4491 845 4560 ΟΛΤΜΠ.
878 4495 978 4563 ΘΖΟ.
1008 4520 1096 4564 unuo
1126 4523 1221 4566 sucro
1278 4505 1320 4568 tia
1334 4503 1443 4572 rideo.
1487 4505 1603 4592 nujus
1618 4507 1776 4590 epochae
1790 4506 1826 4568 iu
1843 4504 1934 4570 unico
1952 4516 2007 4565 tar

516 4719 547 4785 ³)
566 4713 600 4771 1⁴·
615 4713 666 4776 Vb
687 4738 732 4796 ⁹1³·
750 4737 775 4781 Ι·
866 4722 901 4794 Β)
921 4723 960 4779 ad
976 4724 1065 4784 Attic.
1084 4723 1118 4787 L,
1134 4727 1170 4789 V.
1192 4749 1238 4808 ep.
1257 4741 1299 4804 ta.
1395 4736 1426 4807 c)
1446 4733 1477 4790 iu
1495 4733 1614 4806 Romul.
1632 4755 1664 4813 p.
1678 4699 1726 4802 ¹t}
1744 4693 1811 4812 seq.
1900 4731 1933 4805 d)
1947 4727 1976 4787 L
1989 4725 2006 4784 i·

478 4797 644 4863 Fastorum.
718 4809 868 4890 elnone.
888 4824 955 4870 tem.
977 4815 1078 4902 bix.
1099 4839 1123 4877 c.
1139 4827 1183 4892 to.
1258 4821 1291 4895 t)
1311 4819 1383 4883 ert.
1401 4819 1567 4910 saronae
1582 4819 1620 4886 t.
1637 4821 1672 4888 c.
1694 4835 1774 4891 ross.
1795 4842 1825 4882 u·
1846 4830 1886 4887 tt.
