4292 5467
447 601 520 666 210
936 633 941 643 .
1091 574 1290 654 cAth
1322 577 1350 650 1.

510 750 626 816 Fuisse
642 749 829 815 Asierelsam
848 768 1007 824 annuam,
1025 746 1117 810 numi
1135 745 1192 810 do·
1249 747 1360 830 plures
1388 744 1484 808 simul
1505 765 1543 810 sc
1566 745 1695 831 quidem
1719 743 1857 808 dirersis
1880 765 1921 810 es
1944 767 1995 806 or·

449 864 527 918 cent
547 869 582 917 et
602 873 773 915 marmora.
803 849 952 918 Vidimus
970 871 1067 932 supra
1083 845 1194 914 Asine·
1248 849 1342 912 bibus
1377 847 1550 910 Asiarchae
1579 848 1706 936 fuisse,
1736 867 1900 931 unumque
1932 846 1994 931 pri·

448 949 647 1019 chasRP.
671 953 709 1016 Δ.
732 952 852 1014 idest:
885 951 1045 1028 secunde,
1076 953 1190 1028 tertia,
1248 971 1433 1026 mum,seu
1453 953 1509 1033 qui
1528 950 1600 1012 eliis
1617 951 1837 1034 praesideret,
1862 963 1992 1013 ceteros

447 1069 561 1141 questa
592 1056 676 1120 vice.
721 1051 774 1114 sd
809 1072 972 1115 marmora
1000 1051 1087 1136 quod
1121 1055 1192 1116 etti·
1250 1052 1508 1114 adsessores-sut
1526 1052 1651 1126 socios,
1673 1072 1711 1114 ec
1728 1049 1908 1127 secundos,
1930 1063 1994 1114 ter·

449 1170 522 1234 net,
551 1155 711 1220 habemns
734 1155 820 1238 epod
837 1153 1051 1218 Moratoriom
1081 1157 1110 1237 ⁸)
1143 1157 1194 1216 lu·
1250 1155 1332 1231 tios,
1360 1167 1490 1236 quartos
1506 1152 1702 1216 etmerdine
1719 1146 1876 1231 cessimus
1896 1152 1929 1212 in
1951 1171 1992 1216 ec

449 1250 1070 1320 lienumTON.AlC.AClAPXI·1N.
1099 1258 1193 1322 stim
1250 1255 1394 1338 collegio
1425 1252 1614 1316 obtinuisse.
1657 1254 1757 1336 Atqui
1779 1253 1929 1322 diversos
1950 1253 1995 1314 di·

447 1359 531 1442 lapis
552 1357 637 1442 spnd
661 1359 801 1422 eundem
825 1355 859 1438 b)
886 1369 1046 1420 memoret
1073 1360 1196 1442 Diony·
1252 1375 1419 1421 versatum
1433 1353 1718 1418 veiritntuminiase
1735 1354 1927 1431 Asisrchas,
1954 1373 1994 1418 eo

448 1460 532 1524 sium
550 1455 963 1521 tEPOttHPTKA.KAL
976 1455 1015 1522 B.
1033 1455 1195 1521 ΑΣΙΑΡ-
1252 1459 1385 1541 probat,
1427 1453 1515 1540 qnod
1550 1455 1739 1538 Smyrnaei,
1780 1455 1996 1538 Pergameni,

443 1559 562 1633 XHN.
1251 1557 1418 1632 Sardiani,
1460 1557 1675 1640 Hypaepeni,
1720 1558 1877 1640 Cyziceni
1919 1577 1995 1621 suos

510 1661 692 1726 Fuerintne
713 1659 832 1725 eodem
848 1673 999 1744 tempore
1014 1660 1191 1726 Asiarchae
1250 1661 1424 1742 singuliis
1447 1659 1553 1720 nnmis
1575 1659 1747 1724 Asiarchae
1765 1660 1906 1744 jaetant3
1932 1679 1995 1741 qua

445 1763 579 1848 plures,
614 1763 749 1846 copiose
777 1763 983 1845 disputatum.
1026 1761 1093 1856 Qui
1122 1763 1194 1846 plu·
1251 1761 1381 1844 quidem
1407 1761 1440 1822 in
1465 1761 1626 1824 sententie
1649 1759 1867 1824 fuisseetiam
1888 1761 1997 1821 Mura-

445 1885 502 1928 rea
523 1884 713 1941 asseruere,
739 1863 949 1948 aequantibus
970 1863 1117 1926 nituntur
1140 1886 1194 1926 au·
1250 1863 1369 1926 terium
1394 1861 1510 1936 rideo;
1534 1881 1608 1924 uam
1632 1861 1674 1925 ad
1699 1861 1798 1928 rerba
1822 1863 1996 1924 marmoris

447 1965 661 2033 ctoritatibus.
702 1968 730 2027 l.
756 1967 803 2027 dn
834 1965 925 2029 dctis
956 1964 1193 2047 Apostolorum
1251 1961 1321 2024 sui:
1364 1961 1404 2026 T.
1429 1956 1500 2029 llll..
1530 1959 1693 2037 Messeniae
1725 1956 1947 2037 Φιλοσεβαςος
1982 1959 1999 2022 ὅ

447 2067 581 2134 om.
605 2087 638 2134 v-
655 2069 706 2132 ts.
737 2068 850 2152 plores
874 2079 1099 2132 memorantur
1126 2087 1192 2130 uno
1249 2085 1448 2150 ᾳριψματευς
1473 2086 1522 2125 sut
1546 2064 1715 2148 Ασιαρχης
1731 2085 1788 2138 cqc
1803 2083 1926 2144 neenec
1945 2084 1996 2122 ass

445 2182 597 2253 tempore
630 2169 823 2234 Asiarchae:
866 2168 958 2244 Tisse
990 2163 1026 2229 ds
1053 2189 1104 2228 και
1133 2187 1192 2230 των
1247 2185 1383 2246 perpesse
1417 2168 1629 2248 μητροπολεως
1659 2186 1716 2240 της
1745 2163 1850 2238 Actus
1882 2183 1932 2222 sm
1954 2159 1995 2228 B.

433 2269 642 2356 ‘'Actaexos,
663 2267 841 2355 πεμψωπς
854 2292 928 2349 προς
941 2267 1046 2349 uictos,
1069 2293 1097 2334 u.
1110 2295 1142 2334 r.
1158 2274 1191 2335 λ.
1248 2262 1411 2354 Nessusque
1432 2261 1581 2342 Σεβαςων
1600 2266 1742 2346 Epium»
1775 2268 1911 2342 πολεως,
1938 2263 1996 2326 ob·

449 2373 598 2455 Quidum
612 2395 689 2435 vero
706 2393 750 2435 eo
763 2372 948 2436 Asinrdtis
963 2376 1131 2432 mittentes
1148 2373 1194 2433 od
1247 2379 1376 2430 servit.-
1411 2379 1450 2428 ot
1478 2371 1558 2432 hine
1583 2368 1761 2444 discimus,
1789 2367 1996 2448 peculiarem

446 2475 566 2552 ipsum,
583 2493 702 2555 nempe
716 2474 758 2534 D.
766 2471 912 2546 Paulum,
929 2470 986 2555 qui
1002 2484 1070 2534 tom
1081 2471 1192 2553 Ephe·
1246 2487 1343 2530 suum
1364 2469 1568 2530 Asiarchom
1583 2453 1701 2553 fuisse
1724 2468 1915 2547 Ephesinoe
1936 2469 1999 2528 rei-

446 2572 476 2636 si
504 2554 767 2636 concionabatur.
805 2574 845 2633 11.
867 2571 1029 2634 Aristides
1056 2572 1190 2647 rhetor,
1243 2569 1398 2650 publicae
1418 2573 1459 2649 e).
1486 2571 1530 2632 At
1547 2571 1717 2654 quionum
1734 2581 1860 2631 tantum
1874 2565 1996 2632 eodem

445 2686 656 2758 posteaquam
672 2686 849 2748 narrasset,
874 2671 1018 2735 oblatum
1035 2671 1098 2735 sibi
1113 2672 1190 2735 suis·
1245 2679 1398 2751 tempore
1428 2669 1617 2734 hdsroham
1651 2684 1817 2747 statuunt,
1854 2687 1996 2734 numero

445 2793 483 2838 ae
510 2793 683 2838 commune
710 2775 809 2836 totius
830 2774 928 2838 Asise
954 2773 1188 2851 sacerdotium,
1245 2769 1387 2852 plurium
1405 2771 1650 2848 Asiarcharum,
1671 2792 1752 2855 quos
1770 2771 1805 2832 in
1821 2772 1915 2834 Actis
1929 2790 1998 2834 me·

446 2877 515 2956 (ens
537 2897 633 2951 susim
655 2898 712 2952 της
729 2873 845 2948 Ἀσιας
863 2878 1038 2958 'legemem
1055 2875 1097 2936 id
1114 2887 1187 2938 ‘esta
1246 2884 1351 2934 morat
1377 2873 1411 2934 S.
1436 2873 1560 2950 Lucas,
1586 2873 1872 2956 comprehendunt
1895 2873 1997 2937 etiam

443 2975 664 3052 Arias-chium,
680 2996 767 3038 mox
787 2975 872 3038 infre
897 2973 1005 3040 addit:
1036 3000 1086 3037 xm
1107 2997 1190 3060 qais·
1244 2992 1322 3049 eos,
1349 2973 1406 3057 qni
1431 2975 1600 3038 Asioi-chin
1623 2973 1728 3038 innoti
1750 2975 1815 3056 jem
1833 2987 1935 3052 sont,
1960 2987 1998 3038 et

444 3098 502 3159 μαι
516 3096 620 3156 semor
634 3074 812 3158 sirmiense
822 3100 864 3162 ,τῃ
880 3097 1064 3162 χειροτοιιᾳ,
1078 3089 1112 3140 et
1126 3091 1188 3140 tem
1246 3075 1303 3157 qui
1320 3087 1558 3138 tum-excausa
1576 3076 1700 3159 alique,
1724 3097 1756 3140 v.
1773 3096 1805 3159 g.
1827 3073 1996 3152 indorum,

444 3181 494 3239 tio
511 3177 566 3238 cel
578 3192 698 3255 quanto
714 3180 786 3240 loeo
802 3201 875 3240 sum
892 3179 1018 3240 electus
1037 3179 1087 3258 ο),
1109 3197 1186 3238 oum
1243 3174 1298 3236 rel
1320 3171 1491 3253 συνεδριας,
1514 3199 1577 3240 uns
1595 3199 1669 3242 cnm
1684 3179 1729 3238 t).
1742 3176 1850 3241 Paulo
1867 3175 1997 3260 Ephesi

443 3295 510 3360 quo
525 3275 655 3340 videtur
668 3276 1092 3342 consentite‘testimoniom
1109 3279 1188 3341 Die·
1206 3335 1211 3344 ,
1242 3274 1390 3340 adfuere.
1414 3275 1501 3370 Quin
1509 3292 1552 3342 et
1564 3279 1696 3362 conjicit
1708 3279 1764 3341 (11.
1780 3279 1823 3340 de
1838 3279 1936 3340 Bone
1953 3277 1999 3360 ¹),

441 3376 494 3440 nia
511 3377 755 3462 Chrysostomi,
780 3379 869 3464 qnod
890 3379 975 3442 infru
993 3393 1187 3463 totampro-
1238 3397 1370 3438 sucrum
1385 3376 1574 3441 historicum
1590 3381 1723 3444 nomine
1739 3380 1914 3463 Ασιαςχωι
1928 3399 1998 3442 oon

442 3479 570 3543 ducam.
615 3482 726 3564 Ergo,
763 3481 931 3564 inquiunt,
965 3481 1081 3544 saltem
1111 3503 1187 3567 qus·
1241 3477 1444 3543 intellexisse
1460 3495 1591 3544 nostros
1606 3481 1797 3546 secerdotes
1809 3481 1922 3558 Asiae,
1938 3479 2001 3544 aed

442 3593 520 3644 tuor
546 3581 641 3644 simol
669 3582 764 3643 suere
786 3583 971 3648 Asiarchae.
1009 3585 1070 3649 tlt.
1098 3585 1186 3645 Stra·
1235 3578 1409 3662 loquendo
1431 3581 1553 3659 laxius,
1583 3597 1618 3646 et
1647 3583 1680 3644 in
1710 3604 1810 3646 sensu
1836 3583 1998 3666 populari

441 3681 487 3745 bo
505 3681 630 3762 ¹jactans
655 3680 872 3744 Trullensium
891 3682 1016 3764 Lydiae
1034 3703 1121 3767 opes
1148 3697 1185 3747 et
1240 3680 1445 3745 intellexisse
1461 3705 1579 3749 revera
1596 3683 1783 3768 principes,
1802 3684 1855 3748 rel
1872 3685 1999 3766 primo·

441 3783 572 3864 copias,
607 3781 678 3865 ejus
700 3801 773 3844 esse
796 3799 1022 3866 argumentum
1047 3785 1186 3860 adserit,
1237 3801 1297 3842 res
1315 3782 1422 3848 Asiae.
1450 3784 1562 3852 Verba
1587 3785 1757 3848 Strabonis
1780 3799 1815 3848 et
1834 3785 1998 3851 Aristidis

444 3883 533 3968 qnod
555 3879 604 3946 sies
628 3904 706 3954 τινες
721 3879 798 3944 εἰσιν
819 3881 856 3962 ἕξ
874 3883 967 3945 simos
983 3884 1011 3946 de
1028 3907 1187 3963 nemeseu-
1233 3880 1347 3944 ,fateor
1361 3882 1552 3954 obscuriora
1569 3900 1662 3963 sunt,
1686 3907 1781 3970 quum
1800 3901 1841 3948 -ut
1860 3885 1906 3948 iis
1929 3907 1998 3950 ma·

442 4005 590 4057 segem
606 3981 838 4067 τηιὲπᾳρχιαν,
865 3981 1187 4068 ὑςΑσιαςχαςκᾳλυ·
1240 3982 1293 4066 jor
1328 3995 1444 4048 eorum
1479 4007 1637 4050 numerus
1666 3985 1841 4050 evidenter
1870 3987 1999 4050 confici

443 4097 508 4160 ess,
527 4105 652 4165 semper
665 4085 773 4161 aliqui
789 4098 867 4148 sunt
880 4087 1030 4166 seipsis,
1047 4091 1107 4164 qni
1117 4091 1188 4166 pri·
1240 4085 1359 4168 possit,
1385 4101 1425 4149 ut
1454 4108 1573 4152 resern
1601 4110 1620 4150 s
1648 4087 1747 4152 variis
1768 4089 1861 4152 varie
1887 4088 1997 4172 expli·

442 4198 550 4246 mutes
566 4196 646 4246 sunt
661 4188 873 4264 provincius,
898 4206 979 4264 quos
996 4183 1184 4249 Asiarchns
1234 4197 1311 4264 ‘eata
1331 4201 1421 4264 sunt,
1452 4189 1514 4252 sed
1541 4191 1594 4252 cui
1625 4209 1741 4252 causae
1768 4188 1889 4251 inutile
1912 4203 1997 4274 puto

441 4297 561 4347 essunt
582 4283 626 4362 ἢ.
671 4281 707 4343 Si
733 4304 883 4368 semper,
912 4286 1081 4368 inquiunt,
1109 4298 1184 4348 suot
1239 4287 1360 4352 diutins
1393 4289 1572 4353 immorari.
1616 4291 1755 4352 Minime
1796 4310 1879 4354 vero
1919 4311 1998 4374 pro·

441 4382 561 4466 aliqui,
583 4403 671 4466 ergo
691 4386 811 4467 plnres.
842 4387 903 4450 His
924 4400 1030 4450 motus
1053 4383 1184 4449 rationi·
1238 4387 1351 4464 batur,
1377 4389 1467 4473 quod
1488 4390 1572 4454 duee
1598 4391 1809 4459 CLVandale
1823 4393 1999 4456 existimat

442 4482 505 4546 bns
538 4484 588 4547 Cl.
609 4485 755 4550 Vandale
788 4508 864 4550 cum
899 4488 970 4552 aliis
1007 4489 1182 4562 existimat,
1238 4489 1457 4568 Moratorius,
1479 4492 1694 4576 Smyrnaeos,
1715 4493 1905 4577 Ephesios,
1931 4507 1997 4558 ete.

479 4713 510 4779 a)
528 4729 596 4786 pag.
608 4722 668 4786 559.
687 4726 714 4778 3.
793 4713 829 4784 b)
848 4721 988 4790 prpitii.
1069 4713 1104 4786 e)
1124 4711 1266 4774 ΟΜΝ,
1284 4733 1367 4774 secra
1383 4715 1439 4774 sub
1457 4717 1507 4776 fin.
1524 4707 1595 4793 pag.
1611 4726 1723 4781 miii·
1808 4717 1846 4790 d)
1866 4717 1998 4778 mxlv.

441 4803 598 4872 p.m.960.
673 4805 703 4872 e)
722 4812 861 4877 pretet.
880 4817 903 4862 t.
976 4799 1186 4880 Olmpto.
