<?xml version="1.0" encoding="UTF-8"?>
<!DOCTYPE html PUBLIC "-//W3C//DTD XHTML 1.0 Transitional//EN"
    "http://www.w3.org/TR/xhtml1/DTD/xhtml1-transitional.dtd">
<html xmlns="http://www.w3.org/1999/xhtml" xml:lang="en" lang="en">
 <head>
  <title>
</title>
<meta http-equiv="Content-Type" content="text/html;charset=utf-8" />
  <meta name='ocr-system' content='tesseract 3.04.00' />
  <meta name='ocr-capabilities' content='ocr_page ocr_carea ocr_par ocr_line ocrx_word'/>
</head>
<body>
  <div class='ocr_page' id='page_1' title='image "./doctrinanumorum03hohlgoog/doctrinanumorum03hohlgoog_0228.png"; bbox 0 0 4292 5467; ppageno 0'>
   <div class='ocr_carea' id='block_1_1' title="bbox 455 596 1359 694">
    <p class='ocr_par' dir='ltr' id='par_1_1' title="bbox 455 596 1359 694">
     <span class='ocr_line' id='line_1_1' title="bbox 455 596 1359 694; baseline -0.007 -20"><span class='ocrx_word' id='word_1_1' title='bbox 455 623 528 694; x_wconf 56' lang='lat' dir='ltr'><strong>2st</strong></span> <span class='ocrx_word' id='word_1_2' title='bbox 1095 596 1359 674; x_wconf 76' lang='lat' dir='ltr'><strong>cAPth</strong></span> 
     </span>
    </p>
   </div>
   <div class='ocr_carea' id='block_1_2' title="bbox 414 765 2001 1374">
    <p class='ocr_par' dir='ltr' id='par_1_2' title="bbox 414 765 1998 1162">
     <span class='ocr_line' id='line_1_2' title="bbox 457 765 1998 861; baseline -0.007 -21"><span class='ocrx_word' id='word_1_3' title='bbox 457 776 647 861; x_wconf 80' lang='lat' dir='ltr'><strong>intelligere</strong></span> <span class='ocrx_word' id='word_1_4' title='bbox 677 785 874 858; x_wconf 82' lang='lat' dir='ltr'><strong>praeturam.</strong></span> <span class='ocrx_word' id='word_1_5' title='bbox 916 767 963 835; x_wconf 70' lang='lat' dir='ltr'><strong>At</strong></span> <span class='ocrx_word' id='word_1_6' title='bbox 984 767 1072 833; x_wconf 88' lang='lat' dir='ltr'><strong>euim</strong></span> <span class='ocrx_word' id='word_1_7' title='bbox 1096 766 1126 831; x_wconf 93' lang='lat' dir='ltr'><strong>si</strong></span> <span class='ocrx_word' id='word_1_8' title='bbox 1150 766 1202 834; x_wconf 83' lang='lat' dir='ltr'><strong>tir</strong></span> <span class='ocrx_word' id='word_1_9' title='bbox 1256 765 1401 844; x_wconf 79' lang='lat' dir='ltr'><strong>habitos,</strong></span> <span class='ocrx_word' id='word_1_10' title='bbox 1423 779 1457 830; x_wconf 87' lang='lat' dir='ltr'><strong>et</strong></span> <span class='ocrx_word' id='word_1_11' title='bbox 1478 765 1594 832; x_wconf 91' lang='lat' dir='ltr'><strong>eadem</strong></span> <span class='ocrx_word' id='word_1_12' title='bbox 1618 766 1720 831; x_wconf 80' lang='lat' dir='ltr'><strong>faisse</strong></span> <span class='ocrx_word' id='word_1_13' title='bbox 1739 765 1915 850; x_wconf 75' lang='lat' dir='ltr'><strong>dignitate,</strong></span> <span class='ocrx_word' id='word_1_14' title='bbox 1937 787 1998 850; x_wconf 84' lang='lat' dir='ltr'><strong>qus</strong></span> 
     </span>
     <span class='ocr_line' id='line_1_3' title="bbox 458 868 1998 958; baseline -0.009 -14"><span class='ocrx_word' id='word_1_15' title='bbox 458 878 605 944; x_wconf 86' lang='lat' dir='ltr'><strong>eruditus</strong></span> <span class='ocrx_word' id='word_1_16' title='bbox 635 877 889 958; x_wconf 77' lang='lat' dir='ltr'><strong>Smyrnaeorum</strong></span> <span class='ocrx_word' id='word_1_17' title='bbox 916 883 1128 935; x_wconf 86' lang='lat' dir='ltr'><strong>monumenta</strong></span> <span class='ocrx_word' id='word_1_18' title='bbox 1156 882 1202 934; x_wconf 88' lang='lat' dir='ltr'><strong>at·</strong></span> <span class='ocrx_word' id='word_1_19' title='bbox 1257 868 1357 954; x_wconf 80' lang='lat' dir='ltr'><strong>vulgo</strong></span> <span class='ocrx_word' id='word_1_20' title='bbox 1379 870 1412 932; x_wconf 92' lang='lat' dir='ltr'><strong>in</strong></span> <span class='ocrx_word' id='word_1_21' title='bbox 1433 869 1566 934; x_wconf 81' lang='lat' dir='ltr'><strong>urbibus</strong></span> <span class='ocrx_word' id='word_1_22' title='bbox 1584 868 1720 934; x_wconf 87' lang='lat' dir='ltr'><strong>Graecis</strong></span> <span class='ocrx_word' id='word_1_23' title='bbox 1737 870 1912 932; x_wconf 89' lang='lat' dir='ltr'><strong>eminuisse</strong></span> <span class='ocrx_word' id='word_1_24' title='bbox 1933 889 1998 931; x_wconf 88' lang='lat' dir='ltr'><strong>onr-</strong></span> 
     </span>
     <span class='ocr_line' id='line_1_4' title="bbox 456 971 1998 1062; baseline -0.007 -18"><span class='ocrx_word' id='word_1_25' title='bbox 456 981 578 1044; x_wconf 85' lang='lat' dir='ltr'><strong>tentius</strong></span> <span class='ocrx_word' id='word_1_26' title='bbox 604 977 845 1062; x_wconf 64' lang='lat' dir='ltr'><strong>persolvisset,</strong></span> <span class='ocrx_word' id='word_1_27' title='bbox 873 972 1009 1039; x_wconf 80' lang='lat' dir='ltr'><strong>vidisset</strong></span> <span class='ocrx_word' id='word_1_28' title='bbox 1036 992 1137 1049; x_wconf 89' lang='lat' dir='ltr'><strong>sane,</strong></span> <span class='ocrx_word' id='word_1_29' title='bbox 1165 971 1201 1034; x_wconf 93' lang='lat' dir='ltr'><strong>in</strong></span> <span class='ocrx_word' id='word_1_30' title='bbox 1256 971 1306 1034; x_wconf 90' lang='lat' dir='ltr'><strong>nis</strong></span> <span class='ocrx_word' id='word_1_31' title='bbox 1328 973 1460 1054; x_wconf 77' lang='lat' dir='ltr'><strong>generis</strong></span> <span class='ocrx_word' id='word_1_32' title='bbox 1481 971 1692 1050; x_wconf 83' lang='lat' dir='ltr'><strong>sacerdotes,</strong></span> <span class='ocrx_word' id='word_1_33' title='bbox 1722 971 1811 1056; x_wconf 84' lang='lat' dir='ltr'><strong>quod</strong></span> <span class='ocrx_word' id='word_1_34' title='bbox 1836 985 1872 1036; x_wconf 86' lang='lat' dir='ltr'><strong>et</strong></span> <span class='ocrx_word' id='word_1_35' title='bbox 1897 983 1998 1046; x_wconf 84' lang='lat' dir='ltr'><strong>erant,</strong></span> 
     </span>
     <span class='ocr_line' id='line_1_5' title="bbox 414 1060 1540 1162; baseline -0.004 -19"><span class='ocrx_word' id='word_1_36' title='bbox 414 1107 423 1115; x_wconf 91' lang='lat'><strong>·</strong></span> <span class='ocrx_word' id='word_1_37' title='bbox 450 1082 507 1143; x_wconf 56' lang='lat' dir='ltr'><strong>‘bis</strong></span> <span class='ocrx_word' id='word_1_38' title='bbox 534 1100 601 1142; x_wconf 92' lang='lat' dir='ltr'><strong>non</strong></span> <span class='ocrx_word' id='word_1_39' title='bbox 626 1060 787 1162; x_wconf 81' lang='lat' dir='ltr'><strong>strategos</strong></span> <span class='ocrx_word' id='word_1_40' title='bbox 817 1077 946 1154; x_wconf 85' lang='lat' dir='ltr'><strong>solum,</strong></span> <span class='ocrx_word' id='word_1_41' title='bbox 978 1074 1039 1139; x_wconf 87' lang='lat' dir='ltr'><strong>sed</strong></span> <span class='ocrx_word' id='word_1_42' title='bbox 1065 1088 1100 1138; x_wconf 89' lang='lat' dir='ltr'><strong>et</strong></span> <span class='ocrx_word' id='word_1_43' title='bbox 1126 1093 1201 1156; x_wconf 83' lang='lat' dir='ltr'><strong>pro·</strong></span> <span class='ocrx_word' id='word_1_44' title='bbox 1255 1073 1540 1156; x_wconf 77' lang='lat' dir='ltr'><strong>pussimlegimns.</strong></span> 
     </span>
    </p>

    <p class='ocr_par' dir='ltr' id='par_1_3' title="bbox 452 1167 2001 1374">
     <span class='ocr_line' id='line_1_6' title="bbox 452 1167 2001 1266; baseline -0.006 -20"><span class='ocrx_word' id='word_1_45' title='bbox 452 1181 861 1264; x_wconf 81' lang='lat' dir='ltr'><strong>&#39;consolcseponymorum</strong></span> <span class='ocrx_word' id='word_1_46' title='bbox 883 1196 977 1240; x_wconf 89' lang='lat' dir='ltr'><strong>more</strong></span> <span class='ocrx_word' id='word_1_47' title='bbox 1000 1167 1198 1260; x_wconf 64' lang='lat' dir='ltr'><strong>propositos.</strong></span> <span class='ocrx_word' id='word_1_48' title='bbox 1321 1172 1413 1266; x_wconf 77' lang='lat' dir='ltr'><strong>Quae</strong></span> <span class='ocrx_word' id='word_1_49' title='bbox 1443 1175 1505 1238; x_wconf 88' lang='lat' dir='ltr'><strong>alia</strong></span> <span class='ocrx_word' id='word_1_50' title='bbox 1542 1174 1798 1259; x_wconf 83' lang='lat' dir='ltr'><strong>stephanepbori</strong></span> <span class='ocrx_word' id='word_1_51' title='bbox 1825 1173 2001 1238; x_wconf 75' lang='lat' dir='ltr'><strong>habuerint</strong></span> 
     </span>
     <span class='ocr_line' id='line_1_7' title="bbox 458 1275 1997 1374; baseline -0.005 -30"><span class='ocrx_word' id='word_1_52' title='bbox 458 1283 546 1374; x_wconf 82' lang='lat' dir='ltr'><strong>Quin</strong></span> <span class='ocrx_word' id='word_1_53' title='bbox 574 1295 609 1345; x_wconf 89' lang='lat' dir='ltr'><strong>et</strong></span> <span class='ocrx_word' id='word_1_54' title='bbox 634 1282 667 1343; x_wconf 91' lang='lat' dir='ltr'><strong>in</strong></span> <span class='ocrx_word' id='word_1_55' title='bbox 692 1281 812 1342; x_wconf 81' lang='lat' dir='ltr'><strong>eximio</strong></span> <span class='ocrx_word' id='word_1_56' title='bbox 839 1277 979 1344; x_wconf 82' lang='lat' dir='ltr'><strong>foedere</strong></span> <span class='ocrx_word' id='word_1_57' title='bbox 1006 1278 1202 1360; x_wconf 77' lang='lat' dir='ltr'><strong>Smyrnaeo-</strong></span> <span class='ocrx_word' id='word_1_58' title='bbox 1259 1275 1320 1338; x_wconf 88' lang='lat' dir='ltr'><strong>sibl</strong></span> <span class='ocrx_word' id='word_1_59' title='bbox 1351 1277 1503 1359; x_wconf 81' lang='lat' dir='ltr'><strong>propria,</strong></span> <span class='ocrx_word' id='word_1_60' title='bbox 1531 1289 1680 1340; x_wconf 85' lang='lat' dir='ltr'><strong>veterum</strong></span> <span class='ocrx_word' id='word_1_61' title='bbox 1703 1290 1913 1340; x_wconf 84' lang='lat' dir='ltr'><strong>monumenta</strong></span> <span class='ocrx_word' id='word_1_62' title='bbox 1934 1296 1997 1339; x_wconf 90' lang='lat' dir='ltr'><strong>nou</strong></span> 
     </span>
    </p>
   </div>
   <div class='ocr_carea' id='block_1_3' title="bbox 455 1373 2112 1470">
    <p class='ocr_par' dir='ltr' id='par_1_4' title="bbox 455 1373 2112 1470">
     <span class='ocr_line' id='line_1_8' title="bbox 455 1373 2112 1470; baseline -0.003 -23"><span class='ocrx_word' id='word_1_63' title='bbox 455 1405 530 1447; x_wconf 88' lang='lat' dir='ltr'><strong>rom</strong></span> <span class='ocrx_word' id='word_1_64' title='bbox 564 1403 640 1447; x_wconf 84' lang='lat' dir='ltr'><strong>curn</strong></span> <span class='ocrx_word' id='word_1_65' title='bbox 674 1380 904 1466; x_wconf 72' lang='lat' dir='ltr'>Magnetibus,</span> <span class='ocrx_word' id='word_1_66' title='bbox 939 1378 1029 1463; x_wconf 87' lang='lat' dir='ltr'><strong>qaod</strong></span> <span class='ocrx_word' id='word_1_67' title='bbox 1066 1373 1201 1440; x_wconf 79' lang='lat' dir='ltr'><strong>exhibet</strong></span> <span class='ocrx_word' id='word_1_68' title='bbox 1257 1375 1448 1462; x_wconf 76' lang='lat' dir='ltr'><strong>prodidere.</strong></span> <span class='ocrx_word' id='word_1_69' title='bbox 1501 1376 1576 1470; x_wconf 81' lang='lat' dir='ltr'><strong>Quo</strong></span> <span class='ocrx_word' id='word_1_70' title='bbox 1615 1377 1727 1440; x_wconf 88' lang='lat' dir='ltr'><strong>habitu</strong></span> <span class='ocrx_word' id='word_1_71' title='bbox 1760 1379 1795 1440; x_wconf 91' lang='lat' dir='ltr'><strong>in</strong></span> <span class='ocrx_word' id='word_1_72' title='bbox 1831 1377 1999 1460; x_wconf 77' lang='lat' dir='ltr'><strong>publicum</strong></span> <span class='ocrx_word' id='word_1_73' title='bbox 2111 1445 2112 1448; x_wconf 62' lang='grc'>,</span> 
     </span>
    </p>
   </div>
   <div class='ocr_carea' id='block_1_4' title="bbox 456 1478 2000 1564">
    <p class='ocr_par' dir='ltr' id='par_1_5' title="bbox 456 1478 2000 1564">
     <span class='ocr_line' id='line_1_9' title="bbox 456 1478 2000 1564; baseline -0.004 -16"><span class='ocrx_word' id='word_1_74' title='bbox 456 1502 602 1548; x_wconf 86' lang='lat' dir='ltr'><strong>marmor</strong></span> <span class='ocrx_word' id='word_1_75' title='bbox 629 1483 820 1548; x_wconf 81' lang='lat' dir='ltr'><strong>Osoniense</strong></span> <span class='ocrx_word' id='word_1_76' title='bbox 847 1483 910 1559; x_wconf 85' lang='lat'><strong>11.,</strong></span> <span class='ocrx_word' id='word_1_77' title='bbox 947 1482 1201 1564; x_wconf 71' lang='lat' dir='ltr'><strong>Smyrnaeorum</strong></span> <span class='ocrx_word' id='word_1_78' title='bbox 1258 1478 1500 1564; x_wconf 69' lang='lat' dir='ltr'><strong>processerint,</strong></span> <span class='ocrx_word' id='word_1_79' title='bbox 1523 1478 1680 1542; x_wconf 75' lang='lat' dir='ltr'><strong>describit</strong></span> <span class='ocrx_word' id='word_1_80' title='bbox 1700 1480 1889 1544; x_wconf 80' lang='lat' dir='ltr'><strong>Athenaeus</strong></span> <span class='ocrx_word' id='word_1_81' title='bbox 1913 1480 2000 1556; x_wconf 81' lang='lat' dir='ltr'><strong>loce,</strong></span> 
     </span>
    </p>
   </div>
   <div class='ocr_carea' id='block_1_5' title="bbox 458 1579 2112 1672">
    <p class='ocr_par' dir='ltr' id='par_1_6' title="bbox 458 1579 2112 1672">
     <span class='ocr_line' id='line_1_10' title="bbox 458 1579 2112 1672; baseline -0.005 -21"><span class='ocrx_word' id='word_1_82' title='bbox 458 1607 638 1672; x_wconf 81' lang='lat' dir='ltr'><strong>eponymos</strong></span> <span class='ocrx_word' id='word_1_83' title='bbox 660 1583 812 1670; x_wconf 79' lang='lat' dir='ltr'><strong>proditur</strong></span> <span class='ocrx_word' id='word_1_84' title='bbox 834 1603 901 1646; x_wconf 91' lang='lat' dir='ltr'><strong>non</strong></span> <span class='ocrx_word' id='word_1_85' title='bbox 925 1595 1110 1664; x_wconf 80' lang='lat' dir='ltr'><strong>strategus,</strong></span> <span class='ocrx_word' id='word_1_86' title='bbox 1141 1579 1202 1643; x_wconf 88' lang='lat' dir='ltr'><strong>aed</strong></span> <span class='ocrx_word' id='word_1_87' title='bbox 1258 1601 1357 1666; x_wconf 87' lang='lat' dir='ltr'><strong>quem</strong></span> <span class='ocrx_word' id='word_1_88' title='bbox 1380 1601 1477 1664; x_wconf 84' lang='lat' dir='ltr'><strong>supra</strong></span> <span class='ocrx_word' id='word_1_89' title='bbox 1501 1579 1606 1646; x_wconf 80' lang='lat' dir='ltr'><strong>citari.</strong></span> <span class='ocrx_word' id='word_1_90' title='bbox 1624 1625 1630 1642; x_wconf 90' lang='lat'><strong>.</strong></span> <span class='ocrx_word' id='word_1_91' title='bbox 1648 1583 1729 1646; x_wconf 89' lang='lat' dir='ltr'><strong>Erat</strong></span> <span class='ocrx_word' id='word_1_92' title='bbox 1749 1601 1869 1666; x_wconf 85' lang='lat' dir='ltr'><strong>nempe</strong></span> <span class='ocrx_word' id='word_1_93' title='bbox 1888 1582 2000 1664; x_wconf 79' lang='lat' dir='ltr'><strong>Lysias</strong></span> <span class='ocrx_word' id='word_1_94' title='bbox 2111 1631 2112 1654; x_wconf 68' lang='lat'><strong>,</strong></span> 
     </span>
    </p>
   </div>
   <div class='ocr_carea' id='block_1_6' title="bbox 456 1682 2000 1774">
    <p class='ocr_par' dir='ltr' id='par_1_7' title="bbox 456 1659 2112 1788">
     <span class='ocr_line' id='line_1_11' title="bbox 456 1682 2000 1774; baseline -0.002 -26"><span class='ocrx_word' id='word_1_95' title='bbox 456 1692 547 1766; x_wconf 66' lang='lat' dir='ltr'><strong>leesor</strong></span> <span class='ocrx_word' id='word_1_96' title='bbox 568 1683 727 1774; x_wconf 67' lang='grc' dir='ltr'><strong>Ηγισιας.</strong></span> <span class='ocrx_word' id='word_1_97' title='bbox 779 1687 847 1748; x_wconf 89' lang='lat' dir='ltr'><strong>lam</strong></span> <span class='ocrx_word' id='word_1_98' title='bbox 868 1704 968 1759; x_wconf 81' lang='lat' dir='ltr'><strong>vero,</strong></span> <span class='ocrx_word' id='word_1_99' title='bbox 996 1683 1066 1748; x_wconf 80' lang='lat' dir='ltr'><strong>sive</strong></span> <span class='ocrx_word' id='word_1_100' title='bbox 1089 1683 1200 1762; x_wconf 78' lang='lat' dir='ltr'><strong>Smyr-</strong></span> <span class='ocrx_word' id='word_1_101' title='bbox 1255 1683 1536 1766; x_wconf 83' lang='lat' dir='ltr'><strong>stepbsnepborus</strong></span> <span class='ocrx_word' id='word_1_102' title='bbox 1562 1696 1596 1746; x_wconf 91' lang='lat' dir='ltr'><strong>et</strong></span> <span class='ocrx_word' id='word_1_103' title='bbox 1617 1695 1772 1766; x_wconf 84' lang='lat' dir='ltr'><strong>tyrannus</strong></span> <span class='ocrx_word' id='word_1_104' title='bbox 1797 1682 1936 1758; x_wconf 61' lang='lat' dir='ltr'><strong>indutusv</strong></span> <span class='ocrx_word' id='word_1_105' title='bbox 1951 1696 2000 1745; x_wconf 86' lang='lat' dir='ltr'><strong>tu·</strong></span> 
     </span>
    </p>
   </div>
   <div class='ocr_carea' id='block_1_7' title="bbox 455 1783 2112 1868">
    <p class='ocr_par' dir='ltr' id='par_1_8' title="bbox 455 1783 2112 1868">
     <span class='ocr_line' id='line_1_12' title="bbox 455 1783 2112 1868; baseline -0.001 -18"><span class='ocrx_word' id='word_1_106' title='bbox 455 1807 614 1851; x_wconf 87' lang='lat' dir='ltr'><strong>naeorum</strong></span> <span class='ocrx_word' id='word_1_107' title='bbox 647 1807 827 1868; x_wconf 80' lang='lat' dir='ltr'><strong>eponymus</strong></span> <span class='ocrx_word' id='word_1_108' title='bbox 843 1784 1032 1848; x_wconf 82' lang='lat' dir='ltr'><strong>secundum</strong></span> <span class='ocrx_word' id='word_1_109' title='bbox 1054 1803 1200 1847; x_wconf 89' lang='lat' dir='ltr'><strong>marmor</strong></span> <span class='ocrx_word' id='word_1_110' title='bbox 1254 1783 1360 1848; x_wconf 87' lang='lat' dir='ltr'><strong>nicam</strong></span> <span class='ocrx_word' id='word_1_111' title='bbox 1380 1805 1577 1868; x_wconf 83' lang='lat' dir='ltr'><strong>purpuream</strong></span> <span class='ocrx_word' id='word_1_112' title='bbox 1599 1784 1674 1848; x_wconf 90' lang='lat' dir='ltr'><strong>albo</strong></span> <span class='ocrx_word' id='word_1_113' title='bbox 1692 1783 1892 1860; x_wconf 74' lang='lat' dir='ltr'><strong>distinctam,</strong></span> <span class='ocrx_word' id='word_1_114' title='bbox 1915 1784 2002 1848; x_wconf 81' lang='lat' dir='ltr'><strong>clrls·</strong></span> <span class='ocrx_word' id='word_1_115' title='bbox 2111 1797 2112 1830; x_wconf 70' lang='lat' dir='ltr'><strong>l</strong></span> 
     </span>
    </p>
   </div>
   <div class='ocr_carea' id='block_1_8' title="bbox 455 1885 2002 2376">
    <p class='ocr_par' dir='ltr' id='par_1_9' title="bbox 455 1885 2002 2376">
     <span class='ocr_line' id='line_1_13' title="bbox 455 1885 2001 1969; baseline -0.001 -19"><span class='ocrx_word' id='word_1_116' title='bbox 455 1889 583 1953; x_wconf 83' lang='lat' dir='ltr'><strong>dicetur</strong></span> <span class='ocrx_word' id='word_1_117' title='bbox 599 1891 706 1967; x_wconf 63' lang='lat' dir='ltr'><strong>leesor,</strong></span> <span class='ocrx_word' id='word_1_118' title='bbox 728 1887 799 1953; x_wconf 81' lang='lat' dir='ltr'><strong>sire</strong></span> <span class='ocrx_word' id='word_1_119' title='bbox 824 1886 1003 1950; x_wconf 88' lang='lat' dir='ltr'><strong>secundum</strong></span> <span class='ocrx_word' id='word_1_120' title='bbox 1020 1886 1199 1950; x_wconf 77' lang='lat' dir='ltr'><strong>Philostra·</strong></span> <span class='ocrx_word' id='word_1_121' title='bbox 1255 1885 1385 1968; x_wconf 83' lang='lat' dir='ltr'><strong>mydem</strong></span> <span class='ocrx_word' id='word_1_122' title='bbox 1402 1899 1642 1969; x_wconf 85' lang='lat' dir='ltr'><strong>sumptuosam,</strong></span> <span class='ocrx_word' id='word_1_123' title='bbox 1665 1885 1821 1968; x_wconf 88' lang='lat' dir='ltr'><strong>sabjectis</strong></span> <span class='ocrx_word' id='word_1_124' title='bbox 1838 1885 1939 1949; x_wconf 90' lang='lat' dir='ltr'><strong>soleis</strong></span> <span class='ocrx_word' id='word_1_125' title='bbox 1956 1888 2001 1949; x_wconf 90' lang='lat' dir='ltr'><strong>al·</strong></span> 
     </span>
     <span class='ocr_line' id='line_1_14' title="bbox 455 1985 2001 2080; baseline -0.002 -27"><span class='ocrx_word' id='word_1_126' title='bbox 455 2005 524 2053; x_wconf 85' lang='lat' dir='ltr'><strong>turn</strong></span> <span class='ocrx_word' id='word_1_127' title='bbox 542 1998 763 2080; x_wconf 58' lang='lat' dir='ltr'><strong>securiorque,</strong></span> <span class='ocrx_word' id='word_1_128' title='bbox 785 1986 924 2071; x_wconf 79' lang='lat' dir='ltr'><strong>perinde</strong></span> <span class='ocrx_word' id='word_1_129' title='bbox 944 1985 1061 2050; x_wconf 83' lang='lat' dir='ltr'><strong>heberi</strong></span> <span class='ocrx_word' id='word_1_130' title='bbox 1079 2001 1198 2071; x_wconf 83' lang='lat' dir='ltr'><strong>potest,</strong></span> <span class='ocrx_word' id='word_1_131' title='bbox 1255 1986 1306 2050; x_wconf 88' lang='lat' dir='ltr'><strong>bis</strong></span> <span class='ocrx_word' id='word_1_132' title='bbox 1326 1987 1520 2064; x_wconf 74' lang='lat' dir='ltr'><strong>Laconicis,</strong></span> <span class='ocrx_word' id='word_1_133' title='bbox 1551 1987 1722 2051; x_wconf 90' lang='lat' dir='ltr'><strong>redimitus</strong></span> <span class='ocrx_word' id='word_1_134' title='bbox 1744 2005 1867 2051; x_wconf 81' lang='lat' dir='ltr'><strong>corona</strong></span> <span class='ocrx_word' id='word_1_135' title='bbox 1889 1987 2001 2050; x_wconf 85' lang='lat' dir='ltr'><strong>laurea</strong></span> 
     </span>
     <span class='ocr_line' id='line_1_15' title="bbox 457 2087 2002 2177; baseline -0.002 -22"><span class='ocrx_word' id='word_1_136' title='bbox 457 2112 531 2156; x_wconf 88' lang='lat' dir='ltr'><strong>cum</strong></span> <span class='ocrx_word' id='word_1_137' title='bbox 562 2110 605 2177; x_wconf 82' lang='lat' dir='ltr'><strong>ex</strong></span> <span class='ocrx_word' id='word_1_138' title='bbox 635 2088 912 2152; x_wconf 85' lang='lat' dir='ltr'><strong>baetenns‘dietis</strong></span> <span class='ocrx_word' id='word_1_139' title='bbox 935 2101 1083 2163; x_wconf 90' lang='lat' dir='ltr'><strong>constet,</strong></span> <span class='ocrx_word' id='word_1_140' title='bbox 1107 2099 1202 2168; x_wconf 74' lang='lat' dir='ltr'><strong>saca·</strong></span> <span class='ocrx_word' id='word_1_141' title='bbox 1257 2107 1299 2152; x_wconf 85' lang='lat' dir='ltr'><strong>ex</strong></span> <span class='ocrx_word' id='word_1_142' title='bbox 1323 2109 1416 2156; x_wconf 87' lang='lat' dir='ltr'><strong>auro.</strong></span> <span class='ocrx_word' id='word_1_143' title='bbox 1459 2090 1526 2153; x_wconf 86' lang='lat' dir='ltr'><strong>Cur</strong></span> <span class='ocrx_word' id='word_1_144' title='bbox 1561 2102 1669 2152; x_wconf 89' lang='lat' dir='ltr'><strong>autem</strong></span> <span class='ocrx_word' id='word_1_145' title='bbox 1707 2087 1899 2152; x_wconf 79' lang='lat' dir='ltr'><strong>secerdotes</strong></span> <span class='ocrx_word' id='word_1_146' title='bbox 1929 2090 2002 2152; x_wconf 84' lang='lat' dir='ltr'><strong>bis</strong></span> 
     </span>
     <span class='ocr_line' id='line_1_16' title="bbox 458 2189 2001 2276; baseline -0.001 -24"><span class='ocrx_word' id='word_1_147' title='bbox 458 2203 582 2272; x_wconf 65' lang='grc' dir='ltr'><strong>γηφορνς</strong></span> <span class='ocrx_word' id='word_1_148' title='bbox 600 2189 702 2254; x_wconf 79' lang='lat' dir='ltr'><strong>fuisse</strong></span> <span class='ocrx_word' id='word_1_149' title='bbox 719 2193 831 2269; x_wconf 59' lang='lat' dir='ltr'><strong>tresue,</strong></span> <span class='ocrx_word' id='word_1_150' title='bbox 853 2203 890 2252; x_wconf 88' lang='lat' dir='ltr'><strong>ut</strong></span> <span class='ocrx_word' id='word_1_151' title='bbox 910 2189 993 2253; x_wconf 90' lang='lat' dir='ltr'><strong>adeo</strong></span> <span class='ocrx_word' id='word_1_152' title='bbox 1010 2189 1201 2254; x_wconf 84' lang='lat' dir='ltr'><strong>Philostrati</strong></span> <span class='ocrx_word' id='word_1_153' title='bbox 1256 2209 1398 2254; x_wconf 86' lang='lat' dir='ltr'><strong>coronae</strong></span> <span class='ocrx_word' id='word_1_154' title='bbox 1449 2192 1630 2276; x_wconf 77' lang='lat' dir='ltr'><strong>gestatione</strong></span> <span class='ocrx_word' id='word_1_155' title='bbox 1668 2209 1790 2254; x_wconf 84' lang='lat' dir='ltr'><strong>nomen</strong></span> <span class='ocrx_word' id='word_1_156' title='bbox 1832 2190 2001 2264; x_wconf 79' lang='lat' dir='ltr'><strong>truserint,</strong></span> 
     </span>
     <span class='ocr_line' id='line_1_17' title="bbox 457 2289 2002 2376; baseline -0.003 -19"><span class='ocrx_word' id='word_1_157' title='bbox 457 2295 562 2357; x_wconf 85' lang='lat' dir='ltr'><strong>orstio</strong></span> <span class='ocrx_word' id='word_1_158' title='bbox 602 2289 801 2375; x_wconf 74' lang='lat' dir='ltr'><strong>suffrsgante</strong></span> <span class='ocrx_word' id='word_1_159' title='bbox 834 2289 898 2354; x_wconf 89' lang='lat' dir='ltr'><strong>boc</strong></span> <span class='ocrx_word' id='word_1_160' title='bbox 935 2311 1099 2356; x_wconf 78' lang='lat' dir='ltr'><strong>memore</strong></span> <span class='ocrx_word' id='word_1_161' title='bbox 1134 2292 1201 2356; x_wconf 82' lang='lat' dir='ltr'><strong>exi·</strong></span> <span class='ocrx_word' id='word_1_162' title='bbox 1256 2311 1386 2354; x_wconf 77' lang='lat' dir='ltr'><strong>cnumm</strong></span> <span class='ocrx_word' id='word_1_163' title='bbox 1412 2290 1445 2352; x_wconf 90' lang='lat' dir='ltr'><strong>in</strong></span> <span class='ocrx_word' id='word_1_164' title='bbox 1470 2305 1625 2376; x_wconf 75' lang='lat' dir='ltr'><strong>promptu</strong></span> <span class='ocrx_word' id='word_1_165' title='bbox 1648 2313 1714 2358; x_wconf 84' lang='lat' dir='ltr'><strong>nen</strong></span> <span class='ocrx_word' id='word_1_166' title='bbox 1738 2291 1858 2356; x_wconf 87' lang='lat' dir='ltr'><strong>babeo.</strong></span> <span class='ocrx_word' id='word_1_167' title='bbox 1902 2291 2002 2354; x_wconf 86' lang='lat' dir='ltr'><strong>Coro·</strong></span> 
     </span>
    </p>
   </div>
   <div class='ocr_carea' id='block_1_9' title="bbox 457 2378 2112 2476">
    <p class='ocr_par' dir='ltr' id='par_1_10' title="bbox 457 2378 2112 2476">
     <span class='ocr_line' id='line_1_18' title="bbox 457 2378 2112 2476; baseline -0.002 -20"><span class='ocrx_word' id='word_1_168' title='bbox 457 2395 524 2458; x_wconf 90' lang='lat' dir='ltr'><strong>snie</strong></span> <span class='ocrx_word' id='word_1_169' title='bbox 561 2393 704 2476; x_wconf 83' lang='lat' dir='ltr'><strong>juvetur.</strong></span> <span class='ocrx_word' id='word_1_170' title='bbox 756 2391 809 2454; x_wconf 81' lang='lat' dir='ltr'><strong>ad</strong></span> <span class='ocrx_word' id='word_1_171' title='bbox 851 2378 1029 2473; x_wconf 61' lang='lat' dir='ltr'><strong>ebonymos</strong></span> <span class='ocrx_word' id='word_1_172' title='bbox 1069 2405 1201 2455; x_wconf 86' lang='lat' dir='ltr'><strong>nostros</strong></span> <span class='ocrx_word' id='word_1_173' title='bbox 1257 2415 1297 2456; x_wconf 90' lang='lat' dir='ltr'><strong>na</strong></span> <span class='ocrx_word' id='word_1_174' title='bbox 1324 2392 1434 2469; x_wconf 86' lang='lat' dir='ltr'><strong>enim,</strong></span> <span class='ocrx_word' id='word_1_175' title='bbox 1465 2405 1501 2456; x_wconf 90' lang='lat' dir='ltr'><strong>ut</strong></span> <span class='ocrx_word' id='word_1_176' title='bbox 1524 2391 1690 2469; x_wconf 81' lang='lat' dir='ltr'><strong>diximus,</strong></span> <span class='ocrx_word' id='word_1_177' title='bbox 1719 2389 1911 2457; x_wconf 86' lang='lat' dir='ltr'><strong>sacerdotes</strong></span> <span class='ocrx_word' id='word_1_178' title='bbox 1937 2413 2002 2454; x_wconf 92' lang='lat' dir='ltr'><strong>om·</strong></span> <span class='ocrx_word' id='word_1_179' title='bbox 2111 2383 2112 2444; x_wconf 62' lang='lat' dir='ltr'><strong>l</strong></span> 
     </span>
    </p>
   </div>
   <div class='ocr_carea' id='block_1_10' title="bbox 457 2493 2004 2578">
    <p class='ocr_par' dir='ltr' id='par_1_11' title="bbox 457 2493 2004 2578">
     <span class='ocr_line' id='line_1_19' title="bbox 457 2493 2004 2578; baseline -0.002 -20"><span class='ocrx_word' id='word_1_180' title='bbox 457 2493 742 2577; x_wconf 80' lang='lat' dir='ltr'><strong>stepbonepberos</strong></span> <span class='ocrx_word' id='word_1_181' title='bbox 763 2503 799 2553; x_wconf 93' lang='lat' dir='ltr'><strong>nt</strong></span> <span class='ocrx_word' id='word_1_182' title='bbox 813 2506 1039 2570; x_wconf 82' lang='lat' dir='ltr'><strong>revertamur,</strong></span> <span class='ocrx_word' id='word_1_183' title='bbox 1059 2511 1117 2556; x_wconf 88' lang='lat' dir='ltr'><strong>eos</strong></span> <span class='ocrx_word' id='word_1_184' title='bbox 1136 2496 1203 2557; x_wconf 82' lang='lat' dir='ltr'><strong>Ma·</strong></span> <span class='ocrx_word' id='word_1_185' title='bbox 1257 2514 1317 2557; x_wconf 89' lang='lat' dir='ltr'><strong>ues</strong></span> <span class='ocrx_word' id='word_1_186' title='bbox 1336 2493 1466 2572; x_wconf 87' lang='lat' dir='ltr'><strong>decuit,</strong></span> <span class='ocrx_word' id='word_1_187' title='bbox 1498 2505 1532 2556; x_wconf 88' lang='lat' dir='ltr'><strong>et</strong></span> <span class='ocrx_word' id='word_1_188' title='bbox 1549 2495 1727 2560; x_wconf 80' lang='lat' dir='ltr'><strong>Asiarchae</strong></span> <span class='ocrx_word' id='word_1_189' title='bbox 1754 2513 1888 2578; x_wconf 86' lang='lat' dir='ltr'><strong>quoque</strong></span> <span class='ocrx_word' id='word_1_190' title='bbox 1910 2513 2004 2556; x_wconf 90' lang='lat' dir='ltr'><strong>coro·</strong></span> 
     </span>
    </p>
   </div>
   <div class='ocr_carea' id='block_1_11' title="bbox 459 2591 2112 2680">
    <p class='ocr_par' dir='ltr' id='par_1_12' title="bbox 459 2591 2112 2680">
     <span class='ocr_line' id='line_1_20' title="bbox 459 2591 2112 2680; baseline -0.001 -22"><span class='ocrx_word' id='word_1_191' title='bbox 459 2595 592 2680; x_wconf 73' lang='lat' dir='ltr'><strong>gnosiae</strong></span> <span class='ocrx_word' id='word_1_192' title='bbox 615 2612 746 2676; x_wconf 86' lang='lat' dir='ltr'><strong>quoque</strong></span> <span class='ocrx_word' id='word_1_193' title='bbox 771 2593 882 2655; x_wconf 89' lang='lat' dir='ltr'><strong>louiae</strong></span> <span class='ocrx_word' id='word_1_194' title='bbox 908 2591 998 2657; x_wconf 70' lang='lat' dir='ltr'><strong>forte</strong></span> <span class='ocrx_word' id='word_1_195' title='bbox 1023 2594 1058 2654; x_wconf 93' lang='lat' dir='ltr'><strong>in</strong></span> <span class='ocrx_word' id='word_1_196' title='bbox 1083 2613 1204 2677; x_wconf 85' lang='lat' dir='ltr'><strong>epony·</strong></span> <span class='ocrx_word' id='word_1_197' title='bbox 1258 2618 1299 2660; x_wconf 86' lang='lat' dir='ltr'><strong>na</strong></span> <span class='ocrx_word' id='word_1_198' title='bbox 1323 2595 1467 2660; x_wconf 82' lang='lat' dir='ltr'><strong>redimiti</strong></span> <span class='ocrx_word' id='word_1_199' title='bbox 1501 2595 1619 2670; x_wconf 82' lang='lat' dir='ltr'><strong>fuere,</strong></span> <span class='ocrx_word' id='word_1_200' title='bbox 1651 2608 1826 2678; x_wconf 82' lang='lat' dir='ltr'><strong>utsupra,</strong></span> <span class='ocrx_word' id='word_1_201' title='bbox 1856 2615 1932 2658; x_wconf 85' lang='lat' dir='ltr'><strong>cum</strong></span> <span class='ocrx_word' id='word_1_202' title='bbox 1961 2594 2003 2656; x_wconf 87' lang='lat' dir='ltr'><strong>de</strong></span> <span class='ocrx_word' id='word_1_203' title='bbox 2111 2652 2112 2667; x_wconf 65' lang='grc'>,</span> 
     </span>
    </p>
   </div>
   <div class='ocr_carea' id='block_1_12' title="bbox 456 2689 2006 3186">
    <p class='ocr_par' dir='ltr' id='par_1_13' title="bbox 456 2689 2006 3186">
     <span class='ocr_line' id='line_1_21' title="bbox 458 2689 2005 2780; baseline 0 -22"><span class='ocrx_word' id='word_1_204' title='bbox 458 2696 520 2758; x_wconf 88' lang='lat' dir='ltr'><strong>mis</strong></span> <span class='ocrx_word' id='word_1_205' title='bbox 543 2693 691 2769; x_wconf 84' lang='lat' dir='ltr'><strong>babitus,</strong></span> <span class='ocrx_word' id='word_1_206' title='bbox 720 2692 818 2757; x_wconf 89' lang='lat' dir='ltr'><strong>docet</strong></span> <span class='ocrx_word' id='word_1_207' title='bbox 839 2691 929 2757; x_wconf 89' lang='lat' dir='ltr'><strong>idem</strong></span> <span class='ocrx_word' id='word_1_208' title='bbox 950 2689 1095 2758; x_wconf 74' lang='lat' dir='ltr'><strong>murmur</strong></span> <span class='ocrx_word' id='word_1_209' title='bbox 1116 2697 1202 2759; x_wconf 87' lang='lat' dir='ltr'><strong>inter</strong></span> <span class='ocrx_word' id='word_1_210' title='bbox 1258 2697 1309 2762; x_wconf 80' lang='lat' dir='ltr'><strong>bis</strong></span> <span class='ocrx_word' id='word_1_211' title='bbox 1330 2717 1480 2780; x_wconf 82' lang='lat' dir='ltr'><strong>agerem,</strong></span> <span class='ocrx_word' id='word_1_212' title='bbox 1508 2715 1549 2758; x_wconf 83' lang='lat' dir='ltr'><strong>cr</strong></span> <span class='ocrx_word' id='word_1_213' title='bbox 1567 2694 1676 2760; x_wconf 86' lang='lat' dir='ltr'><strong>Dione</strong></span> <span class='ocrx_word' id='word_1_214' title='bbox 1697 2695 1935 2778; x_wconf 75' lang='lat' dir='ltr'><strong>Chrysostomo</strong></span> <span class='ocrx_word' id='word_1_215' title='bbox 1958 2697 2005 2758; x_wconf 91' lang='lat' dir='ltr'><strong>in·</strong></span> 
     </span>
     <span class='ocr_line' id='line_1_22' title="bbox 457 2794 2006 2883; baseline -0.002 -20"><span class='ocrx_word' id='word_1_216' title='bbox 457 2794 660 2863; x_wconf 85' lang='lat' dir='ltr'><strong>Oroniensia</strong></span> <span class='ocrx_word' id='word_1_217' title='bbox 684 2796 745 2870; x_wconf 89' lang='lat'><strong>11.,</strong></span> <span class='ocrx_word' id='word_1_218' title='bbox 774 2794 817 2858; x_wconf 89' lang='lat' dir='ltr'><strong>de</strong></span> <span class='ocrx_word' id='word_1_219' title='bbox 842 2814 908 2878; x_wconf 86' lang='lat' dir='ltr'><strong>quo</strong></span> <span class='ocrx_word' id='word_1_220' title='bbox 935 2795 1034 2858; x_wconf 91' lang='lat' dir='ltr'><strong>modo</strong></span> <span class='ocrx_word' id='word_1_221' title='bbox 1063 2796 1201 2880; x_wconf 79' lang='lat' dir='ltr'><strong>egimus,</strong></span> <span class='ocrx_word' id='word_1_222' title='bbox 1258 2798 1453 2875; x_wconf 85' lang='lat' dir='ltr'><strong>dicavimus,</strong></span> <span class='ocrx_word' id='word_1_223' title='bbox 1476 2811 1510 2861; x_wconf 89' lang='lat' dir='ltr'><strong>et</strong></span> <span class='ocrx_word' id='word_1_224' title='bbox 1525 2797 1728 2860; x_wconf 79' lang='lat' dir='ltr'><strong>Fluminibus</strong></span> <span class='ocrx_word' id='word_1_225' title='bbox 1745 2817 1878 2882; x_wconf 85' lang='lat' dir='ltr'><strong>quoque</strong></span> <span class='ocrx_word' id='word_1_226' title='bbox 1894 2799 2006 2883; x_wconf 80' lang='lat' dir='ltr'><strong>Augu·</strong></span> 
     </span>
     <span class='ocr_line' id='line_1_23' title="bbox 456 2889 2004 2982; baseline 0.001 -22"><span class='ocrx_word' id='word_1_227' title='bbox 456 2901 490 2960; x_wconf 89' lang='lat' dir='ltr'><strong>in</strong></span> <span class='ocrx_word' id='word_1_228' title='bbox 512 2916 580 2981; x_wconf 88' lang='lat' dir='ltr'><strong>quo</strong></span> <span class='ocrx_word' id='word_1_229' title='bbox 601 2895 740 2976; x_wconf 72' lang='lat' dir='ltr'><strong>legitur:</strong></span> <span class='ocrx_word' id='word_1_230' title='bbox 763 2891 858 2957; x_wconf 80' lang='lat' dir='ltr'><strong>Em.</strong></span> <span class='ocrx_word' id='word_1_231' title='bbox 880 2889 1204 2958; x_wconf 68' lang='lat' dir='ltr'><strong>ETEdmNfflbo-</strong></span> <span class='ocrx_word' id='word_1_232' title='bbox 1257 2899 1393 2962; x_wconf 81' lang='lat' dir='ltr'><strong>stulibua</strong></span> <span class='ocrx_word' id='word_1_233' title='bbox 1431 2900 1465 2960; x_wconf 92' lang='lat' dir='ltr'><strong>in</strong></span> <span class='ocrx_word' id='word_1_234' title='bbox 1500 2899 1678 2982; x_wconf 85' lang='lat' dir='ltr'><strong>provinciis</strong></span> <span class='ocrx_word' id='word_1_235' title='bbox 1709 2897 1869 2964; x_wconf 88' lang='lat' dir='ltr'><strong>indultam</strong></span> <span class='ocrx_word' id='word_1_236' title='bbox 1901 2899 2004 2963; x_wconf 79' lang='lat' dir='ltr'><strong>fuisse</strong></span> 
     </span>
     <span class='ocr_line' id='line_1_24' title="bbox 458 2990 2005 3094; baseline 0.003 -34"><span class='ocrx_word' id='word_1_237' title='bbox 458 2990 561 3062; x_wconf 73' lang='lat' dir='ltr'><strong>POT.</strong></span> <span class='ocrx_word' id='word_1_238' title='bbox 578 2991 886 3058; x_wconf 82' lang='grc' dir='ltr'>ΠΤΘΟΔΩΡΟΤ.</span> <span class='ocrx_word' id='word_1_239' title='bbox 922 2997 975 3058; x_wconf 83' lang='lat' dir='ltr'><strong>Ex</strong></span> <span class='ocrx_word' id='word_1_240' title='bbox 996 2997 1112 3080; x_wconf 85' lang='lat' dir='ltr'><strong>quibus</strong></span> <span class='ocrx_word' id='word_1_241' title='bbox 1134 3017 1202 3061; x_wconf 86' lang='lat' dir='ltr'><strong>om·</strong></span> <span class='ocrx_word' id='word_1_242' title='bbox 1258 3020 1413 3064; x_wconf 90' lang='lat' dir='ltr'><strong>eoronam</strong></span> <span class='ocrx_word' id='word_1_243' title='bbox 1439 3019 1594 3081; x_wconf 86' lang='lat' dir='ltr'><strong>auream,</strong></span> <span class='ocrx_word' id='word_1_244' title='bbox 1632 2999 1756 3094; x_wconf 81' lang='lat' dir='ltr'><strong>diserte</strong></span> <span class='ocrx_word' id='word_1_245' title='bbox 1779 3013 1922 3068; x_wconf 82' lang='lat' dir='ltr'><strong>testatur</strong></span> <span class='ocrx_word' id='word_1_246' title='bbox 1944 3003 2005 3064; x_wconf 77' lang='lat' dir='ltr'><strong>Ar·</strong></span> 
     </span>
     <span class='ocr_line' id='line_1_25' title="bbox 458 3095 1424 3186; baseline 0.006 -24"><span class='ocrx_word' id='word_1_247' title='bbox 458 3100 552 3164; x_wconf 89' lang='lat' dir='ltr'><strong>nibus</strong></span> <span class='ocrx_word' id='word_1_248' title='bbox 568 3108 677 3182; x_wconf 77' lang='lat' dir='ltr'><strong>putet,</strong></span> <span class='ocrx_word' id='word_1_249' title='bbox 693 3095 975 3180; x_wconf 78' lang='lat' dir='ltr'><strong>stepbaueplroroa</strong></span> <span class='ocrx_word' id='word_1_250' title='bbox 990 3097 1109 3162; x_wconf 90' lang='lat' dir='ltr'><strong>eodem</strong></span> <span class='ocrx_word' id='word_1_251' title='bbox 1125 3099 1202 3166; x_wconf 85' lang='lat' dir='ltr'><strong>loeo</strong></span> <span class='ocrx_word' id='word_1_252' title='bbox 1256 3102 1368 3168; x_wconf 85' lang='lat' dir='ltr'><strong>rianua</strong></span> <span class='ocrx_word' id='word_1_253' title='bbox 1382 3105 1424 3186; x_wconf 80' lang='lat'><strong>¹).</strong></span> 
     </span>
    </p>
   </div>
   <div class='ocr_carea' id='block_1_13' title="bbox 1173 3536 1282 3626">
    <p class='ocr_par' dir='ltr' id='par_1_14' title="bbox 1173 3536 1282 3626">
     <span class='ocr_line' id='line_1_26' title="bbox 1173 3536 1282 3626; baseline 0.046 -23"><span class='ocrx_word' id='word_1_254' title='bbox 1173 3536 1204 3626; x_wconf 61' lang='grc' dir='ltr'><strong>ς.</strong></span> <span class='ocrx_word' id='word_1_255' title='bbox 1225 3539 1282 3608; x_wconf 79' lang='lat' dir='ltr'><strong>tx.</strong></span> 
     </span>
    </p>
   </div>
   <div class='ocr_carea' id='block_1_14' title="bbox 641 3770 1828 4072">
    <p class='ocr_par' dir='ltr' id='par_1_15' title="bbox 641 3770 1828 4072">
     <span class='ocr_line' id='line_1_27' title="bbox 641 3770 1828 3872; baseline 0.01 -30"><span class='ocrx_word' id='word_1_256' title='bbox 641 3771 722 3844; x_wconf 80' lang='lat' dir='ltr'><strong>DE</strong></span> <span class='ocrx_word' id='word_1_257' title='bbox 754 3770 1334 3866; x_wconf 77' lang='lat' dir='ltr'><strong>PANBGYRIARCHIS,</strong></span> <span class='ocrx_word' id='word_1_258' title='bbox 1366 3775 1828 3872; x_wconf 75' lang='lat' dir='ltr'><strong>AGONOTHETIS,</strong></span> 
     </span>
     <span class='ocr_line' id='line_1_28' title="bbox 981 3987 1479 4072; baseline 0.012 -8"><span class='ocrx_word' id='word_1_259' title='bbox 981 3987 1479 4072; x_wconf 75' lang='lat' dir='ltr'>GYMNASIARCHIS.</span> 
     </span>
    </p>
   </div>
   <div class='ocr_carea' id='block_1_15' title="bbox 462 4257 1833 4485">
    <p class='ocr_par' dir='ltr' id='par_1_16' title="bbox 462 4257 1833 4485">
     <span class='ocr_line' id='line_1_29' title="bbox 463 4257 1833 4399; baseline 0.006 -31"><span class='ocrx_word' id='word_1_260' title='bbox 463 4257 643 4388; x_wconf 80' lang='lat' dir='ltr'><strong>Conjnnxi</strong></span> <span class='ocrx_word' id='word_1_261' title='bbox 673 4313 742 4365; x_wconf 89' lang='lat' dir='ltr'><strong>tres</strong></span> <span class='ocrx_word' id='word_1_262' title='bbox 771 4300 834 4365; x_wconf 93' lang='lat' dir='ltr'><strong>bos</strong></span> <span class='ocrx_word' id='word_1_263' title='bbox 867 4301 1094 4386; x_wconf 74' lang='lat' dir='ltr'><strong>magistratus,</strong></span> <span class='ocrx_word' id='word_1_264' title='bbox 1125 4305 1201 4390; x_wconf 86' lang='lat' dir='ltr'><strong>quia</strong></span> <span class='ocrx_word' id='word_1_265' title='bbox 1432 4281 1833 4399; x_wconf 63' lang='lat' dir='ltr'><strong>Panegyrsarrta&#39;e.</strong></span> 
     </span>
     <span class='ocr_line' id='line_1_30' title="bbox 462 4402 1201 4485; baseline 0.007 -20"><span class='ocrx_word' id='word_1_266' title='bbox 462 4424 556 4465; x_wconf 87' lang='lat' dir='ltr'><strong>csuss</strong></span> <span class='ocrx_word' id='word_1_267' title='bbox 576 4402 827 4485; x_wconf 68' lang='lat' dir='ltr'><strong>conjunguntur.</strong></span> <span class='ocrx_word' id='word_1_268' title='bbox 866 4403 965 4470; x_wconf 83' lang='lat' dir='ltr'><strong>Vtin</strong></span> <span class='ocrx_word' id='word_1_269' title='bbox 984 4407 1201 4470; x_wconf 76' lang='lat' dir='ltr'><strong>munoribus</strong></span> 
     </span>
    </p>
   </div>
   <div class='ocr_carea' id='block_1_16' title="bbox 402 4503 2014 4884">
    <p class='ocr_par' dir='ltr' id='par_1_17' title="bbox 402 4503 2014 4884">
     <span class='ocr_line' id='line_1_31' title="bbox 461 4503 2012 4598; baseline 0.015 -37"><span class='ocrx_word' id='word_1_270' title='bbox 461 4503 617 4582; x_wconf 71' lang='lat' dir='ltr'><strong>frequens</strong></span> <span class='ocrx_word' id='word_1_271' title='bbox 647 4523 762 4566; x_wconf 88' lang='lat' dir='ltr'><strong>eornm</strong></span> <span class='ocrx_word' id='word_1_272' title='bbox 788 4503 934 4580; x_wconf 89' lang='lat' dir='ltr'><strong>mentio,</strong></span> <span class='ocrx_word' id='word_1_273' title='bbox 964 4507 1012 4569; x_wconf 87' lang='lat' dir='ltr'><strong>sie</strong></span> <span class='ocrx_word' id='word_1_274' title='bbox 1038 4509 1073 4568; x_wconf 92' lang='lat' dir='ltr'><strong>in</strong></span> <span class='ocrx_word' id='word_1_275' title='bbox 1096 4509 1202 4571; x_wconf 88' lang='lat' dir='ltr'><strong>numia</strong></span> <span class='ocrx_word' id='word_1_276' title='bbox 1310 4510 2012 4598; x_wconf 74' lang='lat' dir='ltr'><strong>AptmestrygiuetHAT.BAKX10T.</strong></span> 
     </span>
     <span class='ocr_line' id='line_1_32' title="bbox 402 4602 2014 4696; baseline 0.014 -35"><span class='ocrx_word' id='word_1_277' title='bbox 402 4629 409 4642; x_wconf 88' lang='lat'><strong>·</strong></span> <span class='ocrx_word' id='word_1_278' title='bbox 462 4603 585 4677; x_wconf 88' lang='lat' dir='ltr'><strong>rarior,</strong></span> <span class='ocrx_word' id='word_1_279' title='bbox 602 4615 639 4696; x_wconf 85' lang='lat' dir='ltr'><strong>nt</strong></span> <span class='ocrx_word' id='word_1_280' title='bbox 652 4602 776 4686; x_wconf 80' lang='lat' dir='ltr'><strong>patebit</strong></span> <span class='ocrx_word' id='word_1_281' title='bbox 789 4621 830 4664; x_wconf 84' lang='lat' dir='ltr'><strong>ex</strong></span> <span class='ocrx_word' id='word_1_282' title='bbox 844 4618 1003 4688; x_wconf 83' lang='lat' dir='ltr'><strong>sequente</strong></span> <span class='ocrx_word' id='word_1_283' title='bbox 1016 4607 1167 4673; x_wconf 88' lang='lat' dir='ltr'><strong>elencho.</strong></span> <span class='ocrx_word' id='word_1_284' title='bbox 1260 4607 1408 4680; x_wconf 77' lang='lat' dir='ltr'><strong>nsNtt.</strong></span> <span class='ocrx_word' id='word_1_285' title='bbox 1452 4617 1490 4677; x_wconf 90' lang='lat' dir='ltr'><strong>ln</strong></span> <span class='ocrx_word' id='word_1_286' title='bbox 1510 4617 1594 4680; x_wconf 81' lang='lat' dir='ltr'><strong>alios</strong></span> <span class='ocrx_word' id='word_1_287' title='bbox 1617 4613 1733 4684; x_wconf 77' lang='grc' dir='ltr'><strong>ΠΑΤ.</strong></span> <span class='ocrx_word' id='word_1_288' title='bbox 1752 4613 2014 4684; x_wconf 79' lang='lat' dir='ltr'><strong>CTPATONI·</strong></span> 
     </span>
     <span class='ocr_line' id='line_1_33' title="bbox 508 4803 931 4884; baseline 0.021 -25"><span class='ocrx_word' id='word_1_289' title='bbox 508 4809 538 4873; x_wconf 82' lang='lat' dir='ltr'><strong>a)</strong></span> <span class='ocrx_word' id='word_1_290' title='bbox 556 4803 596 4860; x_wconf 85' lang='lat' dir='ltr'><strong>sd</strong></span> <span class='ocrx_word' id='word_1_291' title='bbox 610 4803 735 4878; x_wconf 79' lang='lat' dir='ltr'><strong>Epietct.</strong></span> <span class='ocrx_word' id='word_1_292' title='bbox 750 4807 785 4864; x_wconf 68' lang='lat' dir='ltr'><strong>la.</strong></span> <span class='ocrx_word' id='word_1_293' title='bbox 801 4808 824 4868; x_wconf 91' lang='lat' dir='ltr'><strong>l.</strong></span> <span class='ocrx_word' id='word_1_294' title='bbox 843 4828 869 4868; x_wconf 86' lang='lat' dir='ltr'><strong>e.</strong></span> <span class='ocrx_word' id='word_1_295' title='bbox 889 4822 931 4884; x_wconf 84' lang='lat'><strong>¹9·</strong></span> 
     </span>
    </p>
   </div>
   <div class='ocr_carea' id='block_1_17' title="bbox 0 0 2160 5467">
    <p class='ocr_par' dir='ltr' id='par_1_18' title="bbox 0 0 2160 5467">
     <span class='ocr_line' id='line_1_34' title="bbox 0 0 2160 5467; baseline 0 0"><span class='ocrx_word' id='word_1_296' title='bbox 0 0 2160 5467; x_wconf 95' lang='lat' dir='ltr'><strong> </strong></span> 
     </span>
    </p>
   </div>
  </div>
 </body>
</html>
