4292 5467
427 570 501 650 tot
863 592 871 621 ι
1043 552 1236 631 ctrt‘r
1269 550 1393 623 xxttt.

433 734 521 797 mina
547 729 609 795 sibi
628 731 775 795 Romana
796 726 1001 814 imperuime.
1019 779 1027 797 ,
1043 724 1176 787 Etenim
1233 734 1273 789 ut
1313 720 1490 803 perbibent
1535 717 1775 783 Coeliauornuu
1823 712 1978 777 itinerum

399 894 403 900 ,
435 834 604 910 mee-ea,
633 853 748 896 omues
766 832 850 895 iere·
865 830 1009 893 omnium
1035 826 1178 890 eolenia·
1235 836 1452 887 enarratores.
1502 822 1575 885 Hae
1611 840 1693 903 erge
1725 819 1844 881 'drusae
1880 818 1977 901 plane

432 957 506 1001 rum
534 936 673 1011 llrirea,
695 933 820 998 aediles
842 945 907 997 eto.
936 928 971 992 id
992 948 1096 1012 genus
1120 944 1179 989 ue·
1235 922 1453 1010 persuadent,
1483 922 1543 991 aab
1574 922 1713 984 neminie
1742 922 1783 981 tt.
1813 918 1976 984 velamina

432 1037 575 1101 minibus
605 1056 679 1103 ease
708 1033 893 1119 praeditos..
931 1034 975 1095 tr
1001 1049 1084 1095 vero
1111 1046 1179 1091 uon
1235 1045 1303 1089 non
1343 1044 1475 1110 semper
1512 1036 1567 1087 aut
1601 1022 1768 1086 bominem
1798 1022 1907 1104 gentis
1934 1022 1979 1083 ll.

433 1159 586 1223 semper,
615 1158 689 1201 oum
707 1136 897 1210 Iltiratnm,
918 1131 1093 1197 aedilatum
1113 1142 1178 1195 ete.
1234 1141 1290 1191 aut
1315 1128 1385 1211 ejus
1412 1126 1590 1205 libertum,
1627 1124 1688 1189 aed
1713 1112 1978 1208 frequentissime

432 1238 581 1322 adirent,
601 1238 658 1323 50¹
679 1256 720 1301 ee
740 1236 979 1321 iungerentur,
999 1235 1063 1317 jam
1081 1230 1180 1294 habe·
1234 1208 1454 1313 peregrinunl
1467 1229 1588 1303 latore,
1617 1240 1651 1289 et
1668 1224 1756 1311 quod
1777 1225 1891 1309 oolliqi
1922 1246 1980 1309 po-

432 1342 510 1406 baat
530 1342 582 1423 jus
602 1338 761 1413 civitatis,
782 1335 843 1401 aed
868 1334 950 1399 illud
971 1335 1034 1399 eibi
1056 1332 1179 1397 obeun-
1234 1343 1316 1405 test,
1344 1342 1473 1393 notatos
1499 1328 1535 1390 in
1558 1320 1665 1391 t‘turnia
1686 1326 1889 1391 coloniarum
1912 1347 1979 1389 ma-

432 1442 484 1506 dia
505 1442 558 1504 bia
582 1460 644 1524 per
665 1438 811 1503 ealoaiaa
831 1439 963 1501 Latinas
987 1432 1181 1519 magistrati·
1235 1432 1387 1515 gintratua
1405 1431 1712 1516 pleramquefuisse
1727 1428 1879 1495 bomiuea
1901 1448 1979 1494 eeu·

432 1542 642 1609 bundenum
666 1555 740 1606 suat
763 1538 904 1605 emeriti.
947 1540 999 1603 Eu
1017 1536 1115 1621 bujua
1132 1547 1181 1598 te·
1235 1534 1368 1599 ditionis
1385 1534 1593 1619 peregrinae.

433 1660 518 1709 atem
534 1644 715 1728 Appianum
740 1646 789 1723 ·)t
818 1642 938 1705 Vrbem
954 1638 1179 1705 Neeoeoentm
1298 1637 1429 1699 Interea
1457 1634 1560 1697 nolim
1580 1634 1651 1721 quis
1680 1632 1861 1712 existimet,
1885 1654 1904 1697 a
1925 1648 1978 1695 me

437 1748 560 1810 (luetur
590 1751 627 1807 t'tt
655 1744 804 1826 Alpibus
835 1744 950 1805 addito
977 1742 1076 1805 Larte·
1104 1740 1179 1817 jure
1236 1737 1381 1822 gentium
1409 1739 1451 1799 tt.
1482 1738 1588 1810 viros,
1625 1748 1679 1801 ant
1711 1736 1849 1799 liberter
1879 1722 1977 1796 etiam

433 1848 605 1921 condidit,
625 1864 689 1925 que
713 1842 946 1906 continebatur
962 1843 1042 1918 boe,
1064 1854 1101 1903 ut
1121 1840 1180 1919 qui
1234 1840 1276 1903 ab
1308 1836 1467 1903 obeundis
1504 1835 1694 1901 muneribus
1730 1824 1979 1920 municipalibus

435 1968 583 2011 annuum
604 1948 654 2009 idi
673 1946 911 2026 magistratum
928 1936 1113 2023 gessisset,
1132 1944 1181 2003 ei·
1235 1942 1366 2025 penitus
1395 1934 1538 2003 excludi.
1590 1939 1642 2001 De
1672 1938 1783 2001 llviria
1812 1929 1893 2004 vere
1907 1925 1981 1999 'llo-

433 2051 485 2112 at's
516 2048 561 2112 ll.
585 2045 697 2131 fieret.
746 2042 833 2111 Vide
862 2042 905 2105 de
931 2042 996 2105 boe
1018 2042 1114 2126 plura
1144 2040 1179 2101 in
1236 2040 1345 2105 mauis¹
1369 2040 1432 2123 jara
1462 2031 1579 2121 eliqua
1594 2039 1769 2121 praecepi,
1796 2051 1832 2113 et
1850 2039 1980 2115 cinere,

432 2160 509 2213 rteta
530 2145 676 2212 Bimardi
697 2140 742 2225 b).
784 2144 945 2227 Reliquae
976 2142 1096 2225 adjecti
1122 2160 1181 2205 ue·
1235 2158 1272 2209 ut
1288 2164 1386 2226 supra
1402 2142 1435 2203 in
1453 2139 1625 2203 Aedilibus
1642 2138 1724 2216 diui,
1748 2160 1840 2201 annm
1864 2151 1899 2203 et
1917 2138 1981 2201 lra-

434 2248 531 2311 minia
555 2249 599 2308 ll.
617 2265 733 2322 eauaae
755 2245 941 2330 peregrinis
961 2242 1057 2307 suere
1079 2242 1182 2307 elien·
1235 2244 1296 2309 tria
1332 2244 1435 2305 lilium
1473 2240 1599 2305 aediles
1619 2241 1735 2325 Arpini
1763 2240 1837 2304 lieri
1866 2238 1979 2313 veluit,

433 2350 527 2427 tela,
565 2345 770 2429 hospitium,
813 2344 986 2422 adientes,
1025 2342 1179 2419 adulatio,
1237 2344 1353 2431 quibus
1369 2342 1452 2407 adde
1476 2362 1517 2405 ex
1535 2341 1717 2405 illuttribua
1739 2340 1981 2426 gentibuallri·

433 2468 591 2535 quereum
620 2447 764 2528 pertinet
793 2444 968 2509 adductum
1003 2466 1101 2529 supra
1129 2463 1183 2507 re·
1236 2467 1293 2509 roa
1327 2442 1521 2507 bonoraries
1536 2440 1555 2519 ,*
1585 2442 1627 2506 de
1664 2442 1780 2525 quibua
1817 2442 1978 2526 proxime.

433 2570 512 2635 gam
530 2545 738 2629 exemplam,
759 2564 797 2608 ao
817 2544 960 2628 denique
981 2566 1044 2607 sua
1064 2543 1180 2608 libide.
1237 2547 1416 2612 Enimvero
1455 2544 1553 2609 faeile
1587 2544 1734 2608 adducor
1770 2556 1808 2606 ut
1837 2540 1980 2617 eredam,

432 2652 552 2733 Neque
582 2648 670 2711 enim
706 2666 832 2710 morere
861 2646 947 2711 butte
977 2645 1179 2730 exprobrare
1236 2646 1366 2733 quande
1394 2648 1428 2709 iu
1463 2644 1569 2709 usuris
1604 2644 1827 2721 coloniarum,
1857 2645 1982 2729 praeei-

433 2749 568 2815 lonibna
598 2748 759 2831 potuisset
786 2748 1005 2831 Apollonius,
1043 2748 1086 2810 de
1114 2766 1179 2830 qae
1236 2771 1302 2835 pue
1330 2748 1565 2825 illuatrierum,
1607 2766 1681 2810 eum
1712 2748 1845 2809 nomine
1877 2746 1982 2830 gentis

435 2850 564 2935 egimus
588 2869 705 2933 supra,
740 2848 768 2911 ai
796 2869 906 2912 veram
932 2869 975 2912 ee
1006 2848 1179 2923 utilitatem
1236 2853 1278 2915 ll.
1302 2850 1448 2933 juugitur
1468 2868 1677 2933 cognomen,
1709 2848 1870 2931 quod‘illi
1892 2849 1982 2931 genti

431 2949 670 3036 percepissent.
713 2948 848 3035 Alioqui
875 2962 969 3017 retus
995 2964 1066 3013 erat
1093 2952 1181 3013 iuter
1236 2952 1406 3037 preprium
1429 2950 1513 3027 fuit,
1544 2963 1612 3013 tum
1637 2949 1811 3023 bominem,
1826 2951 1868 3011 tt.
1896 2947 1982 3013 baud

433 3051 617 3122 Graeeelea
633 3051 853 3128 consuetudo,
871 3051 1061 3116 adsentandi
1072 3050 1179 3114 atudio
1238 3053 1337 3117 dubie
1371 3052 1520 3117 indicari.
1570 3052 1674 3115 Moris
1711 3054 1800 3133 euim
1830 3051 1915 3129 luit,
1948 3064 1983 3114 ut

433 3144 635 3239 peteulioria
667 3152 846 3237 cujuspiam
887 3174 1008 3218 nomeu
1037 3164 1180 3236 captare.
1199 3142 1218 3183 Χ
1239 3157 1307 3221 sire
1330 3154 1560 3233 manumissus,
1582 3154 1652 3218 aire
1676 3155 1807 3219 eiritete
1833 3152 1993 3227 donatae·

437 3258 540 3319 'l'eate
562 3252 700 3336 Polybio
716 3258 746 3337 θ)
759 3254 986 3318 Aristomenes
1011 3251 1180 3340 quispiam,
1235 3258 1309 3341 aire
1342 3276 1537 3341 quoeunque
1574 3256 1673 3319 modo
1709 3256 1815 3321 eliens
1844 3252 1984 3337 praene-

437 3354 647 3439 Agatbeolis,
673 3355 731 3438 qui
750 3376 903 3437 magnam
924 3358 958 3417 iu
975 3358 1183 3420 Ptolemaee-
1239 3378 1315 3423 meu
1337 3370 1475 3433 tautum,
1498 3371 1532 3420 et
1552 3377 1673 3421 nomen
1692 3358 1763 3440 ejus
1785 3356 1984 3433 adnumeret,

437 3478 510 3520 rear
528 3454 601 3519 aula
618 3472 738 3519 nomer
756 3456 885 3535 habuit,
900 3457 1064 3521 inmunem
1081 3470 1183 3521 aeota·
1223 3461 1295 3545 ,qui
1312 3460 1365 3524 rel
1387 3458 1588 3536 manumisit,
1610 3459 1666 3523 vel
1687 3457 1819 3522 civitate
1841 3457 1985 3533 donarit,

439 3573 513 3632 tus,
542 3569 637 3619 uatae
666 3556 729 3618 sibi
758 3558 846 3621 iiliae
874 3559 1096 3642 Agathocleae
1125 3578 1184 3621 uo-
1237 3562 1294 3626 val
1331 3559 1460 3645 patroni
1496 3559 1572 3623 loeo
1608 3579 1682 3622 esee
1701 3554 1840 3637 uoluit,
1878 3558 1985 3643 iisque

435 3676 514 3721 meu
554 3653 656 3722 dedit.
711 3658 846 3741 ineptus
882 3662 1024 3723 Demeae
1065 3660 1183 3723 rhetor
1238 3676 1333 3729 vetus
1364 3681 1457 3725 aauru
1488 3661 1694 3745 cognominis
1726 3660 1804 3725 looe
1836 3658 1984 3723 adderet.

438 3756 524 3841 apud
532 3758 712 3821 Lueiauuua
722 3760 853 3821 Timeri
864 3762 1184 3847 misanthropoblun·
1239 3762 1294 3827 Sie
1323 3775 1360 3825 nt
1389 3762 1550 3846 exemplis
1586 3775 1710 3825 tautam
1740 3763 1932 3825 inhaeream
1966 3782 1985 3821 a

438 3859 686 3936 ditua'uarrat,
724 3879 761 3922 se
787 3860 858 3925 titio
883 3862 1030 3925 Timonis
1059 3883 1181 3926 nemen
1232 3862 1376 3948 sigonio
1401 3862 1549 3927 adduetia
1566 3860 1616 3944 ὓ),
1648 3866 1729 3926 'l'iro
1759 3877 1792 3926 et
1812 3864 1984 3927 Laureae

436 3960 641 4055 imposuisse.
672 3960 853 4025 Enimvero
869 3983 910 4051 ap
925 3962 992 4025 nott'
1009 3964 1181 4042 credibile,
1238 3967 1284 4032 bl.
1302 3965 1413 4030 'l'ullio
1432 3967 1595 4031 Cicerone
1617 3966 1803 4029 manumissi
1829 3963 1986 4049 deineepa

438 4063 526 4125 burte
557 4082 690 4125 morem
726 4062 761 4123 in
797 4061 865 4146 ipsa
894 4063 1035 4127 bominis
1067 4078 1182 4131 natura
1239 4068 1318 4132 dieti
1337 4066 1491 4145 luerunt,
1511 4068 1571 4131 ille
1591 4070 1637 4133 bl.
1656 4068 1785 4130 Tullius
1806 4068 1909 4146 Tire,
1933 4068 1986 4129 hio

391 4214 409 4244 ,
438 4182 513 4226 ease
542 4164 702 4247 positum,
734 4182 809 4225 eum
838 4184 946 4246 nuper
972 4166 1036 4248 ipsi
1064 4168 1183 4231 insula·
1238 4171 1285 4235 Η.
1321 4170 1450 4234 Tullius
1490 4171 1630 4235 Laurea.
1674 4168 1843 4233 Dioderus
1891 4188 1909 4233 a
1945 4169 2002 4262 Q.-

439 4284 512 4325 rum
547 4265 645 4327 maria
679 4263 812 4327 Paeiiiei
839 4265 991 4339 incolae,
1027 4270 1182 4345 omnium,
1238 4271 1370 4335 Lutatio
1397 4269 1514 4335 Catulo
1544 4270 1675 4334 diritate
1704 4270 1844 4334 denatua
1883 4272 1986 4333 nomi·

440 4384 523 4447 quae
543 4377 635 4428 extra
653 4365 784 4429 eoelum
800 4386 895 4427 ouum
912 4382 1108 4449 agerentur,
1130 4392 1185 4433 ru·
1238 4394 1279 4437 rta
1309 4374 1446 4437 subinde
1477 4370 1589 4435 babuit
1617 4370 1659 4464 Q.
1690 4370 1814 4433 Lutatii
1834 4368 1986 4447 Diodori,

438 4463 520 4539 der,
540 4464 709 4529 testandae
728 4465 980 4533 beneuolentiae
1001 4492 1102 4547 oaaau
1118 4472 1184 4535 An·
1238 4474 1356 4560 quibua
1399 4474 1484 4539 adde
1519 4473 1667 4536 illustres
1704 4474 1850 4537 elieutee
1887 4494 1985 4557 reges

442 4565 572 4645 qloraua
604 4564 770 4665 hospitate
802 4570 934 4637 nemina
962 4574 1183 4655 tempseriutl
1238 4576 1301 4659 jum
1332 4596 1430 4660 anpra
1459 4574 1686 4661 laudatoal'li.
1716 4574 1835 4637 lulium
1867 4576 1985 4639 Sauro

438 4706 1987 4739 Μ

477 4772 508 4839 a)
527 4766 670 4829 Belleia
689 4772 776 4831 l..ll.
795 4778 881 4839 etb-
936 4777 1378 4859 b)adtouert.t.11.p.ro.
1434 4784 1465 4853 c)
1484 4780 1560 4838 lltst.
1578 4778 1686 4843 LXV.
1706 4793 1792 4855 e.29.
1849 4780 1885 4855 d)
1904 4781 1965 4838 l.s.
