4292 5467
450 599 523 683 uto
1077 592 1380 673 nervove

452 787 543 830 mum
563 763 738 833 Aristides
755 752 874 833 rhetor
900 765 936 829 in
963 759 1112 831 erutione
1133 786 1200 847 ιιςι
1258 786 1322 833 ιιι»
1365 766 1411 830 At
1431 766 1523 851 cnjus
1548 780 1700 844 nstnrse,
1721 767 1906 849 insternogst
1929 783 1997 830 ers·
2113 812 2114 817 ι

451 868 589 951 uipereor
608 892 678 945 ταις
697 875 842 955 seherus„
865 890 947 955 quse
963 865 1068 934 erstst
1084 867 1118 953 in
1132 864 1207 932 edi-
1259 880 1328 943 tor,
1357 881 1414 961 est,
1428 867 1483 933 hic
1497 866 1677 954 primstus,
1697 888 1760 953 pro
1783 884 1854 953 quo
1869 866 1996 933 dimion-

452 972 542 1035 tione
571 970 726 1035 hebbisnn
748 952 855 1034 Touo
874 971 898 1032 l.
934 990 969 1052 p.
985 969 1079 1054 517„
1115 970 1220 1045 ulter.
1257 969 1387 1034 sisinn
1406 990 1482 1047 res,
1510 969 1852 1047 assumtionem,
1883 983 1919 1035 et
1937 991 1999 1034 non

453 1072 522 1137 Dio
553 1056 808 1155 Chrysostomns'
818 1113 827 1150 ,
868 1072 923 1157 qui
961 1073 998 1134 iu
1038 1071 1202 1148 orstione',
1257 1071 1633 1157 potiusnomsninsnel
1652 1106 1666 1121 ·
1681 1105 1696 1121 ·
1716 1068 1900 1135 Gesseruut
1916 1070 1999 1139 helle

456 1170 538 1259 quite
564 1187 619 1247 est
647 1193 789 1238 numero
815 1173 1017 1251 xxxvllt,
1056 1173 1202 1257 ineptum
1247 1172 1497 1253 Athenienses,
1518 1187 1555 1237 nt
1576 1172 1695 1237 tribute
1721 1172 1762 1235 sb
1783 1172 1900 1236 insulis
1922 1174 1999 1238 ecci

454 1274 743 1340 Nicomedensium
760 1289 807 1339 'et
827 1274 1057 1340 Nicsee'nsium
1084 1258 1121 1337 in
1150 1294 1202 1338 ce·
1253 1287 1395 1358 pereut,
1417 1272 1458 1338 de
1481 1276 1623 1340 omnium
1647 1273 1774 1359 juribus
1795 1272 1883 1358 spud
1900 1296 1938 1339 se
1959 1274 2002 1337 di·

453 1377 585 1463 ptnndis
608 1377 714 1441 titulis
741 1375 953 1441 ambitionem
970 1373 1199 1462 reprehendit,
1258 1388 1461 1459 sceptsrent,
1476 1376 1596 1442 verbo:
1616 1375 1657 1437 de
1673 1394 1782 1459 reguo
1797 1375 1864 1439 illis
1879 1375 2000 1440 hellnm

455 1479 539 1543 udde
558 1475 744 1544 'orationem
763 1470 931 1557 xmo,
953 1478 995 1542 sd
1018 1480 1200 1541 'l'nrsenses
1257 1476 1330 1540 fuit.
1366 1476 1435 1541 Sed
1452 1489 1542 1553 esto,
1559 1476 1761 1541 Nicaeenses
1776 1490 1895 1560 sponte
1909 1477 2001 1541 nohis

454 1583 609 1660 sltsrsm,
631 1583 748 1647 tertius
767 1581 988 1646 Philostrstns
1005 1578 1040 1642 iu
1057 1579 1124 1645 rito
1137 1578 1201 1640 Po·
1258 1580 1431 1663 primstum
1455 1576 1597 1656 cedere,
1619 1598 1659 1642 sn
1684 1591 1863 1665 'propterea
1885 1577 2004 1642 tribute

453 1684 594 1748 lemonis
617 1685 802 1769 sophistae,
822 1697 857 1748 ct
875 1683 988 1750 vixere
1008 1680 1045 1743 lsi
1066 1678 1200 1765 quidem
1258 1678 1499 1763 percipiemus,
1534 1699 1618 1765 quse
1649 1680 1836 1762 percipiunt
1860 1680 1937 1744 itttt
1965 1702 2003 1743 an

454 1808 493 1851 cs
530 1796 658 1862 rotate,
696 1807 760 1871 ιιι
787 1784 885 1850 Asine
924 1782 1060 1847 minoris
1100 1778 1199 1843 urbes
1258 1780 1358 1845 nrbes
1383 1780 1423 1844 uh
1451 1800 1566 1845 eornm
1594 1780 1721 1863 juribus
1751 1780 1938 1865 pendentes
1964 1780 2005 1847 sd
2113 1854 2114 1859 ἵ

454 1886 597 1952 ιιιιιίιι
614 1906 708 1970 qoem
726 1885 805 1950 elius
825 1886 989 1950 honorum
1009 1884 1133 1947 inssnin
1154 1882 1200 1946 ls-
1256 1902 1318 1947 ιιι
1363 1882 1579 1947 vocsbimusi
1631 1902 1672 1945 ιι
1715 1884 1924 1967 megistrstns
1966 1883 2004 1945 iis
2113 1876 2114 1899 ¹

451 1988 630 2063 borebnut,
659 2002 693 2051 et
712 1987 775 2051 suit
798 1999 971 2075 prseteres
992 1986 1058 2049 illis
1079 2006 1200 2071 propo·
1255 1980 1513 2068 praeficiemus!
1551 1980 1629 2068 quid
1669 1982 1764 2046 nobis
1803 1982 1883 2047 iude
1915 2004 2006 2049 scoe-

319 2132 323 2142 ·
454 2091 571 2167 sitnm,
599 2088 736 2151 nimium
757 2088 923 2154 cisitstnm
945 2090 978 2151 in
1002 2088 1063 2152 hos
1087 2087 1200 2150 titulos
1256 2086 1353 2149 deret
1374 2082 1539 2167 ampliori.
1558 2114 1571 2133 ·
1592 2118 1606 2134 ·
1641 2086 1709 2147 Nos
1731 2105 1813 2151 vero
1843 2088 2007 2151 existimo·

453 2189 619 2256 adiectum
645 2188 827 2256 refrenare.
870 2191 974 2254 Recte
997 2189 1098 2275 igitur
1124 2207 1200 2253 ceu·
1255 2208 1353 2261 mus,
1391 2186 1421 2249 si
1456 2184 1557 2250 modo
1593 2186 1691 2269 primi
1728 2186 1903 2266 diamur,
1942 2190 2005 2271 jann

454 2312 552 2357 suere
565 2294 792 2356 Buousrrotus
810 2312 951 2377 eumque
968 2305 1099 2358 secutus
1111 2292 1200 2353 ller-
1256 2288 1353 2353 etiem
1372 2285 1495 2351 hahere
1513 2287 1698 2372 primatum.
1742 2288 1924 2378 Quisnsm,
1945 2292 2006 2356 riri

454 2394 610 2471 colenus,
641 2406 779 2475 propter
801 2414 913 2457 censos
936 2404 1131 2457 memorales
1158 2388 1199 2454 sb
1255 2386 1537 2466 Nicomedenses,
1566 2390 1620 2453 hic
1650 2404 1700 2453 est
1730 2390 1919 2473 primatus?
1951 2392 2008 2454 ite·

452 2496 506 2559 his
539 2495 611 2558 uuis
636 2506 752 2560 verum
778 2494 936 2576 psdmstns
964 2514 1095 2557 sensum
1125 2511 1199 2556 esse
1256 2510 1330 2555 rum
1359 2509 1416 2555 vos
1444 2502 1542 2575 etque
1557 2490 1705 2555 ,tertium
1733 2493 1893 2575 sppello,
1924 2514 2007 2577 quse

452 2594 655 2674 eruendum,
685 2594 748 2659 etsi
769 2607 804 2658 et
823 2595 859 2657 hi
875 2595 1001 2673 minus,
1020 2592 1202 2679 quemvel·
1255 2594 1327 2678 ejus
1348 2591 1498 2656 utilitas?
1529 2592 1618 2677 qnod
1640 2604 1767 2659 tentum
1784 2594 1937 2658 honum?
1965 2616 2005 2657 sn

452 2700 580 2778 lemns,
610 2708 724 2781 operte
756 2714 794 2759 ιι
817 2693 960 2761 dilucide
985 2696 1056 2780 ejus
1083 2692 1199 2760 omnes
1256 2694 1481 2779 opulentiores
1517 2694 1660 2769 liumus,
1692 2719 1734 2760 sn
1756 2697 1940 2779 majores,
1968 2718 2009 2761 sn

453 2820 567 2865 censes
591 2797 803 2883 explicarent.
845 2798 912 2860 lom
941 2798 1043 2881 igitur
1064 2796 1143 2882 qnid
1164 2795 1199 2857 hi
1255 2795 1492 2883 potentiores?
1540 2798 1732 2861 Amentium
1764 2811 1816 2861 est
1845 2812 2008 2884 appetere

451 2900 518 2983 ipsi
535 2898 716 2977 senserint,
737 2918 780 2962 ex
798 2917 913 2963 eorum
932 2900 1079 2985 ipsorum
1101 2898 1200 2961 diets·
1255 2918 1369 2965 rsnsm
1392 2897 1551 2982 glorium,
1573 2912 1608 2963 et
1630 2901 1836 2984 stupidorum
1858 2914 1926 2968 etc.
1965 2903 2008 2962 At

451 3003 493 3065 tis
514 3000 747 3084 intelligemus.
1253 3020 1337 3069 vero
1362 2999 1531 3083 prsesides
1552 3000 1692 3065 Romani
1722 2998 1903 3088 (ipspessg)
1932 3022 2009 3066 cum

449 3152 453 3157 .
516 3102 731 3186 Singulorum
764 3102 884 3186 scripto
920 3104 950 3168 si
985 3102 1202 3180 excutiemus,
1254 3101 1417 3165 deberent
1437 3114 1584 3165 restrum
1605 3104 1656 3185 jus
1677 3122 1886 3190 sequumque
1909 3104 2011 3181 tueri,

452 3204 622 3289 apparebit
644 3202 766 3279 facile,
794 3203 953 3282 urbibus,
975 3226 1058 3291 quse
1076 3224 1112 3267 se
1132 3204 1198 3287 pri·
1255 3224 1367 3267 ιιιιιι
1389 3200 1554 3266 obstinere
1585 3204 1748 3289 srspiuis
1769 3205 1932 3283 urhium,
1951 3206 2012 3270 lto·

451 3312 523 3371 mes
557 3304 632 3367 dici.
656 3304 816 3381 voluere,
853 3318 988 3388 praeter
1023 3308 1197 3383 honorem,
1254 3307 1444 3389 minumqne
1472 3303 1696 3387 privatorum,
1729 3308 1900 3373 nemiuem
1929 3306 2011 3371 edli-

453 3420 596 3491 eumque
613 3425 706 3470 mere
727 3402 892 3484 fictitium,
914 3406 997 3470 nihil
1020 3409 1198 3472 secessisse
1256 3426 1334 3472 cero
1367 3406 1591 3486 contumelia,
1613 3394 1680 3471 ⁸ltis
1716 3410 1847 3473 omissis
1875 3411 2014 3473 nomine

451 3510 521 3571 sire
543 3505 731 3591 poteststis,
751 3505 824 3573 sine
844 3508 1003 3573 utilitatis.
1045 3511 1113 3573 lem
1134 3508 1200 3591 pri·
1253 3506 1348 3574 robis
1380 3527 1418 3570 sc
1446 3506 1561 3571 titulos
1596 3512 1794 3593 propinent,
1832 3530 1913 3576 eum
1948 3530 2012 3577 ros
2113 3496 2114 3569 l

452 3630 540 3671 mum
564 3609 668 3671 honus
690 3620 725 3670 ct
746 3622 878 3691 opertus
894 3610 966 3673 Dio
981 3610 1063 3672 nihil
1083 3609 1200 3674 circui·
1253 3608 1380 3693 primos
1414 3620 1471 3671 sut
1499 3608 1630 3687 dicunt,
1662 3625 1719 3674 snt
1753 3610 1913 3677 scriItuut.
1961 3610 2013 3673 Si·

452 3712 544 3772 tione
563 3722 613 3771 est
630 3729 727 3787 usos,
757 3728 832 3773 cum
853 3708 936 3773 dixit
957 3713 992 3773 in
1009 3711 1105 3776 oitsts
1127 3700 1200 3776 ors2
1253 3709 1326 3773 mili
1365 3709 1514 3773 orstione
1552 3711 1595 3773 sd
1629 3712 1778 3779 civitstes
1799 3712 1903 3777 Asiae
1930 3732 2013 3775 usus

453 3813 543 3875 tione
561 3809 716 3872 'l'srsonsi
731 3808 776 3890 ¹),
795 3810 1006 3894 Aegsesnses
1028 3814 1200 3876 comfor-
1253 3810 1435 3889 Aristides,
1456 3809 1609 3896 cogitsre
1641 3832 1703 3878 ros
1735 3814 1859 3891 velim,
1888 3814 2014 3898 iuquit,

452 3908 620 3985 sensibus,
641 3912 844 3993 Apamenscs
873 3931 948 3975 cum
971 3912 1198 3993 Antiochenis,
1255 3924 1290 3977 st
1309 3914 1610 3991 Lacedaemonios,
1637 3928 1672 3977 et
1700 3916 1945 3993 Athenionem,
1978 3928 2016 3979 et

379 4026 383 4033 ·
452 4014 648 4095 smyrnaeos
671 4030 751 4094 cuns
763 4012 919 4095 Ephesiis
943 4010 985 4076 ds
1012 4014 1199 4101 principatu
1254 4014 1430 4077 Thebanos
1459 4016 1590 4095 (vetere
1618 4015 1737 4079 horum
1770 4016 1813 4081 de
1843 4016 2017 4101 princips-

453 4112 690 4177 contendentes
705 4116 747 4175 de
761 4115 872 4190 asini,
890 4117 982 4193 quod
993 4117 1109 4194 ajunt,
1128 4138 1201 4181 um·
1252 4129 1292 4179 tu
1311 4112 1399 4179 helle
1420 4114 1595 4201 iutelligit)
1615 4116 1770 4183 hahuisse
1791 4104 1937 4204 aliquem
1959 4139 2018 4182 re·

451 4220 531 4292 bro,
551 4238 619 4296 ιιςι
640 4211 689 4277 ιἰι
703 4232 809 4289 onem,
836 4223 935 4293 paee,
955 4214 1097 4300 litiget-e.
1140 4221 1199 4280 dt·
1253 4238 1327 4281 rom
1357 4236 1491 4296 esrum,
1524 4236 1604 4305 ques
1640 4216 1730 4284 inter
1767 4240 1807 4283 se
1845 4218 2017 4305 gerebant

452 4334 520 4397 que
542 4316 625 4380 hsuc
645 4315 747 4398 ipsam
770 4314 854 4377 ssini
879 4316 1028 4380 umbrsm
1054 4320 1198 4383 cumulo·
1255 4338 1382 4383 csussm
1410 4352 1424 4369 ·
1444 4352 1459 4368 ·
1483 4318 1638 4401 Atros,
1668 4320 1697 4382 si
1727 4322 1801 4405 quis
1835 4340 1880 4411 ex
1916 4320 2018 4386 robis

451 4417 517 4477 tius
554 4428 622 4478 tots
658 4414 805 4477 oratione
827 4414 1004 4484 ffllssll.
1043 4424 1196 4504 explicet.
1255 4418 1497 4497 contentionis,
1534 4418 1731 4499 seditionis,
1773 4442 1813 4486 sc
1850 4424 2017 4487 tumultus

451 4516 625 4577 Commissi
642 4517 798 4596 primatus
814 4535 909 4579 censs
930 4516 1016 4598 (inse
1031 4524 1196 4603 πρωτειιιι)
1255 4530 1381 4588 cedssm
1415 4535 1569 4607 quaeret,
1609 4520 1689 4603 qnid
1723 4522 1827 4599 estis,
1857 4524 2020 4597 obsecro,

450 4617 537 4678 inter
553 4637 590 4678 se
607 4614 700 4679 fuere
715 4616 972 4683 Nicomedenses
990 4634 1025 4684 et
1038 4621 1197 4688 Nicseen·
1254 4624 1470 4708 responsuri?
1501 4624 1595 4707 cujus
1616 4623 1752 4707 imperii
1772 4644 1874 4690 censs
1893 4646 1952 4691 vos
1977 4627 2018 4689 id

490 4824 522 4889 o)
539 4838 607 4895 pag.
625 4831 686 4883 tto.
