4292 5467
609 591 684 662 nn
718 589 1224 666 ntuetsemtrteve.
1627 617 1699 688 25,

140 765 216 828 dem
234 784 258 828 a
275 761 550 847 procuratoribus
560 763 637 823 eur‘s
650 759 890 839 judicatarum,
947 764 1050 824 ettam
1068 767 1129 840 qui
1146 774 1358 843 propraetore
1380 777 1507 845 essent,
1537 775 1705 836 communi
1817 763 1821 772 ’

140 886 181 928 ue
195 866 230 928 σι’
244 867 318 948 ipse
333 866 520 927 statuisset.
551 859 650 958 Quod
670 862 765 925 idem
782 883 893 925 narra·
944 866 1180 944 proconsulum
1207 867 1337 927 nomine
1366 871 1479 930 venire
1507 873 1608 933 dixit.
1645 872 1704 934 Sin

141 965 188 1028 vit
208 984 342 1052 queque
364 965 539 1028 Suetonius
564 968 605 1045 Ι).
644 964 740 1030 Vnde
769 965 896 1027 factem·
947 963 1053 1039 istud,
1086 984 1167 1047 ergo
1195 965 1256 1027 sibi
1285 965 1474 1048 planissime
1503 972 1703 1037 contradixit

141 1066 316 1145 existimo,
345 1078 382 1129 ut
402 1085 468 1128 nen
491 1064 637 1128 contenti
657 1081 890 1147 procuratores
947 1065 1029 1141 Dio,
1047 1067 1102 1149 qui
1118 1066 1228 1149 paullo
1247 1088 1345 1150 supra
1362 1073 1447 1132 mitti
1468 1089 1703 1154 procuratores

139 1189 201 1245 eo,
218 1167 309 1252 quod
329 1182 440 1245 erant,
459 1167 640 1258 uolailiores
657 1187 888 1259 nonnunquam
945 1180 1008 1250 tem
1028 1169 1061 1227 in
1082 1169 1228 1229 Caesarie
1252 1191 1364 1252 quam
1372 1174 1486 1255 populi
1510 1177 1696 1258 provincias

137 1270 255 1334 titulos
293 1269 506 1334 adfectarent.
548 1271 709 1330 Nimirum
747 1270 888 1352 legimus
945 1267 1037 1332 dixit.
1066 1267 1195 1342 Verius·
1207 1270 1361 1334 hocloco
1380 1274 1445 1336 Die
1467 1279 1601 1341 nemine
1620 1301 1696 1362 pre·

140 1369 226 1454 apud
241 1371 438 1435 Gruterum:
467 1369 798 1437 Peocveeeom.
817 1373 887 1433 ET.
945 1370 1123 1433 oonsulum
1146 1370 1309 1434 intellexit
1338 1375 1506 1456 praesides
1535 1379 1631 1442 Asiae
1665 1393 1700 1444 et

139 1449 360 1537 PRAESllll.
394 1470 815 1550 ALPtVM.00TT1.b)
855 1483 889 1532 et
945 1472 1093 1548 Africae,
1112 1492 1167 1556 qur
1158 1471 1246 1533 soli
1264 1477 1398 1558 proprie
1416 1480 1631 1561 proconsules
1649 1481 1698 1543 di·

141 1575 221 1637 alibi
246 1573 334 1658 apud
354 1575 514 1636 cundem:
541 1573 733 1638 Pnocve.
755 1571 893 1638 AVGV·
948 1574 1100 1648 miseret,
1128 1574 1201 1657 quie
1224 1579 1393 1639 consulatu
1411 1577 1530 1655 functi,
1559 1596 1595 1642 ιιι
1619 1583 1697 1646 alias

139 1675 273 1740 STOR.
286 1677 357 1740 ΕΤ.
367 1673 889 1742 PROLEGotoPROVlNClAI.
948 1675 1024 1736 eatis
1045 1674 1129 1751 disi,
1157 1687 1190 1737 et
1216 1695 1299 1758 quae
1326 1681 1486 1744 sententia
1511 1696 1696 1763 opportune

137 1779 319 1840 nantel.
343 1779 415 1844 ΕΤ.
444 1776 666 1844 VlNDELlC.
691 1775 763 1838 lt'r.
786 1773 892 1841 vth·
942 1720 1313 1840 confirmatimoracelo
1332 1778 1458 1844 Tiberii
1477 1804 1575 1866 supra
1593 1785 1695 1863 citati,

139 1881 219 1944 ets,
246 1877 435 1944 POENIN.
452 1885 492 1959 ι).
532 1877 620 1973 Quid
646 1874 735 1958 quod
755 1885 789 1942 tr
812 1876 890 1957 Epi·
948 1897 1013 1960 que
1032 1879 1058 1939 is
1076 1851 1243 1961 professus
1262 1893 1330 1956 est,
1352 1903 1470 1947 nense
1487 1887 1696 1968 procuratori
1736 1899 1740 1908 '

140 1994 248 2044 etetus
270 1980 358 2063 apud
379 1981 555 2043 Arrianum
578 1978 621 2062 d)
639 1974 889 2063 procuratorem
945 1977 1072 2040 Asiae
1060 2000 1111 2061 jus
1131 1979 1193 2041 nisi
1209 1979 1242 2040 in
1262 1983 1394 2048 servitia
1416 1999 1450 2050 et
1471 1987 1626 2069 pecuniae
1647 1987 1700 2069 lag

138 2083 236 2166 Epiri
254 2096 354 2146 vocet
370 2081 506 2165 ἅρχιιτα
524 2079 766 2163 Epirotarum..·
945 2080 1091 2163 utiliores
1110 2079 1255 2145 dedisse.
1369 2131 1382 2144 .

202 2187 370 2247 Ceterum.
384 2183 425 2243 iu
441 2179 636 2266 explicando
665 2199 746 2246 vero
772 2199 892 2264 preeu-
1008 2181 1063 2242 Ad
1089 2181 1129 2246 L.
1145 2183 1322 2246 Antonium
1349 2185 1514 2250 Nasonem
1543 2207 1696 2272 proeura·

139 2301 289 2351 rarorum
317 2298 408 2349 stutu
432 2285 531 2364 multa
558 2283 678 2347 adhue*
695 2295 770 2344 sunt
791 2281 890 2344 ambi·
945 2293 1054 2344 torem
1078 2297 1114 2345 ut
1135 2299 1304 2361 revertar,
1327 2299 1363 2349 ut
1384 2287 1514 2350 unicum
1536 2287 1623 2353 istud
1646 2304 1697 2355 est

141 2410 208 2474 gua
228 2403 264 2452 et
284 2388 421 2451 ineerta.
458 2387 494 2447 ln
517 2407 612 2450 caesa
634 2397 709 2461 est,
732 2383 824 2467 quia,
853 2395 890 2445 ιιι
946 2381 1106 2445 haetenus
1136 2387 1322 2470 exemplum
1353 2390 1525 2452 memorati
1558 2393 1591 2451 in
1628 2413 1696 2456 mo·

138 2491 228 2567 dixi,
260 2491 348 2554 veria
377 2488 441 2550 seit
468 2507 584 2549 eorum
613 2499 774 2570 potestas,
804 2505 887 2569 quae
944 2499 1021 2547 neta
1047 2487 1290 2567 procuratoris,
1319 2485 1362 2548 ita
1385 2488 1520 2567 mirum,
1548 2493 1696 2575 aBithy·

138 2593 213 2656 sere
235 2613 255 2654 u
275 2591 432 2677 principis
448 2605 530 2651 nutu
546 2587 728 2673 pendebat,
758 2587 887 2670 etquis
944 2586 995 2646 uis
1021 2607 1122 2650 numo
1151 2587 1342 2670 Vespasiani
1375 2589 1511 2653 inscribi
1540 2609 1695 2676 precura-

135 2697 335 2778 plerumque
364 2693 544 2774 scriptores
573 2685 790 2767 mines'clere
813 2703 887 2750 aunt
942 2699 1071 2763 terem,
1106 2689 1242 2772 quando
1274 2689 1308 2752 hi
1340 2689 1417 2752 inde
1452 2690 1492 2754 ab
1524 2691 1694 2778 Auguste,
1773 2715 1782 2724 ·

136 2795 259 2872 locuti,
283 2812 348 2878 que
369 2792 509 2868 laetum,
538 2805 574 2856 ιιι
592 2791 817 2856 recentiorum
838 2792 887 2874 ju·-
943 2800 977 2851 et
1006 2790 1076 2852 sub,
1098 2790 1170 2874 ipse
1198 2793 1301 2855 etism.
1317 2790 1519 2876 Vespasiano
1542 2793 1692 2859 omnibus

135 2897 221 2960 dicis
249 2917 317 2959 noe
342 2915 421 2958 raro
450 2917 469 2958 ι
497 2913 588 2960 vere.
615 2893 716 2978 lenge
753 2892 885 2956 oberra-
940 2892 1013 2954 eliis
1035 2895 1141 2954 numia
1163 2891 1346 2957 inscribere
1369 2895 1584 2976 proconsules
1614 2916 1691 2960 suos

132 3012 220 3063 rent.
260 2996 416 3081 Exempli
442 3017 556 3060 eausa:
594 2993 676 3058 dixit
695 2995 762 3060 Dio
787 2993 885 3070 ioco,
941 3003 1018 3056 suut
1038 2993 1140 3060 soliti.
1172 2994 1224 3055 An
1245 2995 1273 3055 is
1297 2995 1330 3054 in
1352 2993 1462 3058 locum
1483 2983 1695 3077 proconsulis

133 3121 235 3185 quem
264 3099 372 3162 statim
403 3096 568 3182 principie
597 3094 710 3171 citavi,
743 3118 884 3182 proeon·
940 3094 1010 3159 sive
1033 3095 1172 3172 mortui,
1206 3093 1275 3158 sive
1304 3097 1430 3160 avocati
1457 3096 1589 3160 interim
1604 3119 1690 3174 suc·

131 3200 255 3265 seles
244 3223 278 3261 ιι
300 3199 342 3262 iis
363 3200 446 3264 l'oeis
453 3198 613 3283 quibus
622 3213 794 3282 preerunt,
816 3221 882 3262 uon
940 3195 1058 3273 cessit,
1091 3196 1183 3276 cujus
1205 3196 1313 3259 simile
1336 3196 1522 3280 exemplum
1545 3219 1586 3263 ex
1608 3202 1689 3265 setis

130 3316 386 3389 procuratores,
408 3301 527 3364 tributa
550 3301 697 3384 exigere.
726 3298 779 3362 Ad
798 3321 905 3414 quae
942 3299 975 3361 S.
995 3298 1181 3380 Perpernae
1211 3320 1307 3383 supra
1337 3297 1508 3365 dedimus?
1546 3302 1635 3362 Δι’
1624 3323 1688 3384 tam

130 3405 232 3470 verba
252 3416 344 3468 notat
360 3402 553 3468 Fabricius·
584 3404 805 3465 Proconsules
822 3380 905 3465 lter
941 3397 1002 3460 sub
1019 3398 1222 3482 Vespasiano
1247 3399 1403 3484 aliquid
1394 3423 1427 3464 ιι
1447 3401 1618 3484 Bithyniae
1635 3423 1688 3468 re·

128 3511 202 3573 loco
215 3519 315 3571 nocet
325 3509 513 3590 praefectos
525 3507 786 3586 prouinciarum,
801 3523 886 3584 quur
941 3499 1065 3584 gimine'
1088 3496 1314 3566 immutatum?
1345 3501 1437 3598 Quae
1462 3502 1595 3589 quidem
1620 3525 1688 3571 om·

128 3634 195 3674 nen
218 3609 289 3673 sibi
312 3608 494 3689 Augustus
517 3609 680 3687 regendus
703 3615 894 3693 sumserat,
942 3600 1227 3687 nia-ignoramus..

128 3717 186 3778 sert
197 3709 326 3796 popule
340 3709 541 3787 reliqueram
557 3707 637 3808 illos
655 3708 744 3770 enim
761 3726 892 3781 omncs„

155 4839 471 4912 attnctsuema.
547 4843 582 4917 b)
601 4845 825 4921 partes-em.
901 4843 931 4914 c>
950 4841 1092 4918 parere·
1111 4841 1164 4920 6„
1211 4837 1246 4909 d)
1265 4833 1445 4986 mult-et.

1369 4943 1420 4986 12
