4292 5467
415 622 463 691 aa
877 602 1028 679 uvat
1063 598 1511 674 anaxanontem.

418 797 458 839 ex
481 772 603 838 Oroaio
628 772 675 853 ἢ.)
710 783 777 833 tom
807 790 848 835 ex
876 770 1076 837 llalendario
1101 770 1168 831 An·
1224 767 1438 833 conlectum
1427 789 1491 849 jam
1509 779 1577 843 est,
1600 763 1898 829 Alexandrinorum
1918 784 1974 827 an·

414 880 502 940 tiate
533 877 570 937 In
594 874 664 958 ejus
686 875 784 936 etiarn
806 874 997 939 memoriam
1025 874 1086 937 hac
1112 872 1166 935 ‹lie
1224 894 1320 946 num,
1346 870 1479 946 utdrxa
1504 870 1605 931 fixum
1622 887 1819 953 coepissem
1839 886 1973 930 neome-

415 1000 518 1043 annua
546 976 712 1039 celebrata
743 974 846 1051 leste,
881 996 1020 1059 quorum
1054 974 1168 1037 memi·
1223 972 1401 1049 uiaThet,
1428 992 1511 1055 quae
1535 972 1568 1032 ia
1588 992 1673 1033 anno
1698 970 1863 1033 cummuni
1886 968 1975 1033 cadit

353 1063 356 1069 Δ
413 1080 559 1155 nitDio,
584 1076 661 1139 inde
684 1089 825 1153 constat,
854 1077 940 1161 quod
970 1077 1076 1141 serius
1101 1078 1169 1140 Eu·
1222 1076 1256 1141 ia
1275 1074 1364 1139 diem
1379 1074 1498 1138 XXIX.
1517 1071 1730 1163 Aug-nathir
1751 1092 1852 1150 enno,
1878 1074 1907 1135 si
1928 1074 1973 1134 ita

414 1182 511 1245 duria
538 1179 754 1247 Valentiniani
778 1180 832 1241 lll.
857 1198 941 1239 uxor
967 1176 1007 1239 iis
1033 1176 1165 1239 abolitis
1221 1176 1314 1261 loqui
1333 1177 1382 1240 ias
1404 1191 1472 1252 est,
1497 1173 1677 1253 bissextili,
1701 1174 1736 1234 iu
1757 1174 1847 1237 diem
1866 1174 1971 1237 XXX.

414 1282 545 1347 suffecit
559 1281 677 1349 fesusm
692 1280 725 1343 S.
735 1280 833 1341 -Petri
850 1278 891 1343 ad
907 1278 1032 1347 vincula
1046 1277 1167 1365 lielen-
1222 1278 1371 1363 ejusdem
1389 1277 1521 1341 mensis.

414 1385 464 1447 dis
480 1384 565 1467 Aug.
586 1380 839 1460 celebrandum,
865 1394 992 1465 utpost
1012 1380 1094 1443 alius
1112 1399 1166 1444 re-
1285 1378 1500 1443 Alexaudriui
1536 1379 1586 1443 sic
1618 1397 1836 1442 numeravere
1866 1397 1970 1442 sunus

414 1488 480 1551 fert
504 1487 658 1548 Nauaeus
682 1481 724 1564 h).
766 1484 892 1550 Verum
918 1483 1006 1565 quod
1034 1482 1165 1566 subiicit
1221 1482 1477 1565 imperatorum,
1499 1493 1550 1559 ut,
1579 1499 1774 1565 quocsuque
1796 1481 1871 1543 anni
1891 1495 1974 1543 tem·

413 1588 498 1665 Ilio,
530 1587 571 1650 ah
598 1588 661 1649 hoc
688 1584 741 1647 die
765 1584 902 1669 reliquia
928 1582 1167 1663 Alexandrino·
1219 1605 1304 1669 pore
1326 1584 1361 1645 hi
1382 1583 1558 1667 imperium
1575 1582 1839 1665 auspicarentur,
1867 1603 1973 1649 annus

414 1711 487 1753 rum
505 1690 596 1751 annis
612 1685 821 1749 numerandis
842 1684 966 1748 initium
990 1699 1165 1770 sumptum,
1223 1707 1339 1777 eorum
1367 1689 1406 1752 B.
1429 1686 1498 1751 sive
1520 1687 1561 1747 ll.
1588 1706 1723 1766 semper
1750 1683 1928 1749 duceretur
1954 1709 1974 1749 a

415 1789 552 1881 multum
578 1790 676 1853 torsit
700 1786 943 1869 chronologos,
975 1788 1064 1874 quod
1089 1770 1166 1853 con·
1224 1789 1374 1875 proxima
1410 1772 1584 1852 neomenia
1621 1786 1731 1865 Thot,
1774 1786 1847 1852 dies
1889 1807 1973 1853 vero

414 1907 502 1969 stet,
546 1910 707 1977 nunqnam
745 1902 799 1952 aut
834 1888 1078 1954 Alexandrinae
1112 1904 1168 1954 aut
1223 1891 1463 1976 praecedentes
1479 1889 1685 1953 conficerent
1701 1910 1820 1954 annum
1834 1890 1883 1968 A,
1910 1912 1973 1954 seu

414 1980 596 2079 Aegyptios
622 1991 818 2065 alialeudis
842 1992 928 2075 Aug.
957 2011 1058 2056 annus
1087 2010 1164 2055 sues
1221 1994 1382 2078 primum,
1414 1992 1477 2056 etsi
1497 1992 1697 2077 plerumque
1719 1991 1973 2077 incomplutam,

413 2114 619 2169 numerasse,
644 2092 703 2157 sed
723 2115 740 2156 s
760 2094 934 2157 neomenia
952 2095 1060 2171 Thut,
1078 2113 1166 2173 oon·
1222 2110 1258 2161 et
1299 2116 1398 2181 saepe
1442 2116 1619 2177 paucorum
1653 2086 1785 2185 ‘tantuin
1831 2092 1972 2159 dierum.

413 2210 580 2270 statuero
603 2196 720 2271 etiam,
750 2196 838 2261 dicto
855 2216 945 2259 anno
970 2196 1010 2263 V.
1028 2196 1064 2263 C.
1088 2204 1164 2279 724.
1221 2199 1314 2262 Haec
1335 2180 1483 2261 doctrina
1508 2197 1592 2260 adeo
1615 2217 1700 2263 vers
1720 2206 1789 2276 eat,
1808 2196 1897 2279 adeo
1920 2219 1974 2261 so·

414 2300 508 2374 Μ.
522 2299 573 2362 3ο.
596 2296 838 2360 Alexandrinus
851 2298 1058 2361 neomeniam
1076 2297 1167 2359 Thct
1220 2299 1297 2362 lidis
1328 2300 1531 2385 argumentis
1559 2312 1595 2363 et
1619 2299 1785 2382 exetnplis
1812 2300 1973 2379 stabilita,

414 2402 471 2462 lixi
488 2400 658 2462 inchoasse
674 2398 727 2461 die
744 2400 799 2463 xl.
815 2400 965 2474 Sextilis,
983 2399 1165 2483 Aegyptios
1221 2413 1259 2463 ut
1281 2401 1348 2484 jam
1380 2424 1398 2465 ι
1427 2402 1559 2465 nemine
1588 2402 1622 2463 in
1655 2400 1788 2464 dubium
1821 2416 1973 2469 vocetur.

413 2503 561 2587 reliquos
575 2502 780 2563 neomeniam
792 2500 881 2563 Thut
894 2502 968 2585 vagi
981 2501 1034 2564 die
1046 2502 1165 2567 XXXI.
1222 2504 1308 2568 Sane
1329 2516 1384 2567 aut
1404 2502 1489 2581 hoe,
1509 2514 1569 2566 aut
1590 2503 1683 2565 nullo
1704 2505 1804 2568 modo
1829 2506 1974 2589 explica·

415 2604 559 2667 Sextilis.
606 2604 728 2668 Verum
757 2604 815 2665 has
846 2602 921 2665 lites
951 2602 1165 2685 chronologis
1219 2606 1253 2670 ri
1277 2620 1386 2691 potest
1408 2606 1441 2668 in
1462 2604 1565 2669 Galba
1584 2627 1686 2670 annus
1702 2610 1750 2683 B,
1771 2607 1807 2669 in
1833 2606 1975 2671 Hadria·

414 2704 648 2789 relinquimus,
669 2725 807 2789 quornm
826 2704 1069 2779 lucubrationes
1087 2724 1165 2769 mox
1220 2729 1266 2772 nu
1286 2729 1387 2772 annua
1408 2704 1486 2783 KB,
1511 2706 1546 2767 in
1565 2707 1745 2791 Elagabalu
1761 2710 1809 2785 E,
1834 2709 1869 2772 iu
1888 2710 1975 2775 Pro·

415 2806 595 2872 citabimus.
638 2808 727 2885 Nus,
759 2808 814 2891 qui
844 2828 945 2871 sunus
972 2809 1078 2870 solum
1102 2824 1164 2869 un·
1220 2810 1265 2874 ho
1292 2812 1343 2888 H,
1375 2810 1495 2893 aliique
1523 2809 1558 2869 in
1584 2810 1657 2872 aliis
1685 2812 1778 2888 anni,
1809 2831 1906 2897 quam
1935 2812 1974 2873 in

415 2912 478 2974 mis
503 2906 731 2973 Alexandrinis
760 2910 933 2993 inscriptas
961 2924 1162 2994 spectamus,
1220 2913 1272 2976 his
1302 2912 1410 2975 nuruis
1438 2911 1673 2994 chronologiae
1701 2911 1811 2997 legem
1835 2913 1971 2999 pridem

414 3032 530 3077 eorum
559 3012 686 3075 initium
707 3010 806 3074 nullo
832 3012 992 3110 peccandi
1005 3012 1163 3094 periculo
1220 3034 1388 3099 agnotere
1416 3013 1565 3076 Noriaius
1585 3016 1634 3095 s),
1666 3015 1786 3098 Pagina
1811 3014 1865 3097 Β),
1893 3017 1973 3077 Phi·

414 3098 641 3179 adtexxtx.
657 3112 991 3197 Augustiducemus,
1019 3115 1081 3177 etsi
1100 3134 1164 3176 ma·
1220 3117 1330 3201 lippus
1361 3115 1403 3179 de
1431 3114 1464 3177 ia
1494 3117 1602 3177 Turre
1629 3113 1675 3199 ¹),
1717 3116 1849 3201 aliique.
1903 3121 1972 3184 Ne·

412 3216 453 3279 lit
474 3218 640 3279 Nauzeus
648 3215 861 3279 eorundem
851 3216 977 3277 initium
1005 3235 1164 3279 sanorum
1222 3239 1286 3303 que
1315 3237 1396 3282 vero
1424 3216 1507 3280 haee
1533 3238 1636 3279 annos
1666 3219 1861 3303 supputandi
1885 3222 1970 3286 ratio

409 3321 449 3381 iu
486 3320 527 3383 iis
558 3318 833 3402 imperatoribus,
871 3319 933 3403 gui
963 3318 1164 3381 Hadrianum
1220 3340 1305 3386 nova
1330 3333 1400 3396 eat,
1430 3332 1486 3383 sut
1507 3320 1670 3402 exemplis
1694 3320 1862 3400 destituta,
1894 3346 1972 3387 nam

414 3442 647 3506 praecessere,
685 3422 808 3485 ducere
838 3443 856 3485 a
884 3420 938 3485 die
964 3421 1022 3487 11.
1052 3420 1165 3502 hugu-
1219 3435 1256 3486 et
1275 3423 1309 3483 iu
1332 3420 1461 3485 calculo
1481 3425 1701 3486 astronomica
1723 3426 1871 3489 Theonis
1891 3400 1973 3489 Ale·

415 3525 456 3586 sti
478 3527 519 3606 c).
554 3520 619 3618 Qui
641 3520 715 3607 plris
737 3523 770 3584 iu
792 3523 853 3586 hac
875 3522 1023 3586 doctrina
1044 3522 1163 3585 instrui
1219 3522 1370 3588 nandrini
1407 3525 1483 3587 anni
1518 3525 1753 3610 imperatorum
1787 3527 1829 3591 ad
1853 3548 1972 3595 serens

415 3626 524 3708 cupit,
562 3624 914 3709 praeterPetaaium,
944 3624 1165 3702 Dede-ellum,
1222 3624 1455 3691 Nahonsassris
1475 3626 1582 3691 exacti
1605 3628 1652 3692 sic
1673 3643 1905 3705 numerantur,
1932 3647 1973 3697 nt

411 3726 563 3811 aliosque
592 3724 828 3808 chronologiae
847 3726 1028 3809 ¹magistros
1057 3727 1167 3789 erudi·
1221 3748 1324 3790 annus
1339 3717 1692 3813 ‘imperantis'primns
1721 3745 1855 3816 putetur
1882 3734 1972 3797 ntus

409 3842 465 3893 tas
500 3826 666 3893 rariorum
705 3826 876 3891 Gallorum
919 3826 1166 3891 lucubrationes
1220 3828 1380 3913 temporis
1420 3830 1580 3914 spatium,
1623 3836 1828 3916 quantumvis
1865 3836 1973 3899 modi·

411 3930 585 4006 consulat,
615 3929 671 4013 qni
698 3926 951 3993 in'illuatrando
979 3928 1043 3992 hoc
1063 3950 1166 4013 argo·
1221 3952 1314 4009 cunr,
1339 3932 1425 4015 quud
1444 3954 1547 4018 usgue
1565 3932 1606 4000 ad
1622 3937 1787 4021 sequentis
1812 3939 1888 4001 anni
1914 3960 1975 4004 ex-

369 4104 374 4113 ,
413 4047 529 4097 mento
551 4031 677 4113 copiosi
702 4030 815 4107 luere,
844 4046 881 4094 nt
901 4030 1048 4094 Bimardi
1069 4030 1112 4095 de
1133 4031 1166 4094 la
1222 4034 1351 4096 ordinm
1373 4031 1515 4097 lluxerat
1535 4030 1582 4118 k),
1613 4036 1670 4099 Sir
1690 4052 1725 4101 et
1744 4040 1780 4100 in
1799 4061 1900 4104 numo
1923 4045 1973 4107 vi·

412 4135 526 4197 Bastia
550 4134 599 4215 d)
639 4132 680 4195 de
707 4132 739 4195 la
767 4132 880 4197 Nauae
906 4133 1077 4197 historiam
1103 4134 1167 4199 tta-
1221 4136 1313 4199 cinae
1333 4138 1439 4221 Cypri
1466 4157 1539 4199 cum
1561 4136 1693 4202 Galbae
1721 4142 1829 4224 cupite
1855 4143 1972 4227 legas.

413 4222 556 4299 leudarii
584 4232 737 4319 Aegyptii
762 4238 812 4316 ),
843 4236 975 4300 Frereti
1006 4257 1165 4301 canonem
1220 4236 1412 4302 KOlNON.
1437 4236 1674 4303 ΚΤΠΡΙΩΝ.
1700 4240 1859 4308 GTOTC.
1880 4246 1919 4310 Β.
1943 4248 1972 4331 ¹)

417 4338 680 4402 Asnouomicum
703 4336 740 4421 ί).
774 4309 931 4403 Horum
931 4358 1013 4423 ergo
1026 4338 1164 4425 judiciis
1218 4341 1284 4403 etsi
1304 4340 1359 4403 hie
1380 4343 1454 4409 vll.
1484 4353 1607 4406 mutum
1631 4364 1762 4409 menses
1778 4347 1969 4433 imperavit

426 4496 1964 4531 ..-..-.--....--........-....-..-,,-,,,,

454 4586 695 4663 ιιι...ΥΙιι9.
774 4588 1272 4667 bJBwLTxleemprau
1347 4592 1462 4654 ιιιι
1534 4594 1974 4676 d)B·.LTXllp.136·et

416 4675 540 4733 mettl
555 4684 658 4752 pmast
758 4679 894 4751 e.)Tom
902 4680 980 4739 XIV
997 4682 1084 4740 hieru.
1101 4691 1206 4758 phil·
1223 4693 1252 4738 et
1267 4682 1353 4741 Tum.
1362 4682 1441 4745 ΧΥΙ.
1458 4684 1546 4742 ilem.
1563 4704 1595 4763 p
1587 4698 1659 4747 17⁰
1673 4700 1704 4745 et
1722 4700 1783 4763 193·
1886 4694 1973 4765 OT.

412 4764 539 4825 ΧΧΥΙΙ.
559 4766 647 4823 Mem.
663 4780 764 4842 pm.
865 4770 897 4846 g)
918 4768 956 4825 dc
974 4790 1063 4829 numo
1081 4770 1192 4831 llerod
1208 4772 1345 4849 Auti.pae
1436 4774 1473 4847 h)
1493 4776 1596 4834 Critic.
1611 4776 1650 4833 ad
1666 4795 1735 4837 auu.
1746 4782 1791 4853 69.
1884 4785 1909 4855 i)
1929 4784 1971 4845 de

410 4856 502 4915 annis
519 4854 601 4933 Elag
619 4866 704 4933 p--td
796 4858 829 4931 k)
849 4859 1000 4925 FrenetB
1010 4862 1042 4925 L
1060 4859 1926 4951 T.Xxv11.t1em..p121.1)iiaym.T,..1Ltat›29.
