4292 5467
449 587 519 654 ιω
870 559 1108 638 rnucru
1138 519 1558 642 uuunuuonvu.

449 757 532 822 qnae
562 735 786 810 imitarentur,
819 753 898 817 prae
930 731 1078 796 manibus
1109 751 1191 794 sens·
1247 733 1600 816 numurumtpatrinm,
1630 728 1801 796 sciendum
1829 743 1898 810 est,
1927 732 1991 811 ibi,

448 861 511 923 per
538 839 704 911 habuere,
742 855 824 919 ergo
856 858 874 896 a
905 835 1089 896 notionibus
1119 834 1191 896 bur·
1218 879 1221 882 -
1246 855 1355 919 noque
1384 834 1461 896 alibi
1493 836 1689 899 obscoenum
1725 835 1807 897 hanc
1843 854 1990 898 mercem

446 940 535 1002 baris
560 962 578 1000 a
601 937 741 1002 Threcia
764 936 923 999 maritima
946 949 981 999 et
999 937 1191 999 Macedonia
1247 957 1344 1018 cupra
1373 957 1468 1020 quam
1501 936 1593 1000 credi
1622 948 1748 1020 potest,
1785 936 1920 1018 copiose
1950 953 1990 998 ac

447 1041 482 1103 in
502 1039 743 1124 septentriones
763 1038 894 1122 potitis,
924 1038 1052 1101 scilicet
1081 1037 1121 1098 ub
1145 1037 1190 1099 iis
1245 1036 1439 1121 frequenter
1477 1031 1584 1099 indies
1619 1037 1773 1120 reperiri.
1804 1027 1990 1100 'Barbarae

447 1142 545 1225 ipsis,
573 1141 734 1226 [quihus
759 1161 876 1204 numos
898 1140 1036 1203 articulo
1057 1158 1191 1220 praece·
1245 1139 1341 1220 hujus
1370 1153 1521 1202 monetae
1550 1139 1645 1221 origo
1674 1137 1824 1203 ducenda
1857 1137 1990 1206 videtur

447 1241 750 1325 dentodescriptos
772 1240 962 1304 diuisuisse
985 1260 1090 1304 euros.
1133 1243 1190 1302 At·
1246 1241 1285 1302 ab
1314 1240 1383 1322 ejus
1410 1241 1511 1323 ipsius
1538 1241 1682 1322 Philippi
1703 1244 1743 1303 11.
1766 1253 1891 1316 aetate,
1925 1261 1988 1324 qna

363 1350 366 1357 ⁴
446 1363 511 1427 que
529 1342 610 1406 haec
628 1343 874 1428 quidem-consa
890 1356 959 1419 est,
987 1361 1047 1403 cur
1069 1342 1103 1401 in
1128 1340 1189 1404 hac
1244 1354 1382 1424 propter
1399 1341 1625 1405 incredibilem
1648 1343 1718 1425 ejus
1740 1362 1915 1404 rumorum
1934 1361 1992 1404 co·

443 1454 619 1508 nnmerum
645 1445 748 1507 clasre
775 1465 841 1508 non
871 1456 1099 1525 compareant,
1129 1442 1190 1505 sal·
1244 1445 1349 1526 piam,
1380 1457 1447 1506 tum
1473 1457 1510 1506 et
1539 1444 1686 1508 viciniam
1717 1431 1871 1504 barbaris
1890 1461 1991 1526 pecu·

443 1557 514 1610 tem
535 1545 624 1630 quod
644 1566 709 1630 ego
729 1547 855 1622 norim,
885 1545 990 1609 vocati
1018 1542 1059 1605 sd
1086 1541 1188 1605 imita·
1243 1545 1317 1608 nise
1347 1531 1651 1628 commodurmdgis
1683 1556 1866 1626 coeperunt
1894 1545 1990 1605 inno·

303 1644 307 1650 ’
443 1646 568 1710 tionem
583 1648 675 1709 numi
688 1645 951 1723 Atheniensium,
968 1647 1188 1720 Boeotorum,
1244 1657 1384 1711 tescere.
1426 1647 1529 1709 Forte
1563 1659 1714 1708 monetae
1745 1641 1884 1708 Thuriae
1919 1645 1991 1706 iuri-

394 1739 402 1752 ’
442 1741 674 1832 Epirotarum,
739 1742 919 1810 aliorumve
974 1751 1189 1830 populorum,
1244 1748 1324 1810 tatio
1345 1749 1503 1810 remotius
1524 1747 1586 1809 sibi
1608 1768 1724 1810 aerum
1742 1746 1893 1835 postulat.
1924 1745 1990 1807 Nu·

443 1869 583 1932 qnorum
610 1861 742 1910 moneta
768 1848 887 1930 passim
914 1861 964 1910 est
988 1848 1092 1910 obvia.
1133 1849 1189 1908 Ni.
1244 1868 1315 1910 mos
1335 1844 1658 1911 ΜΑΚΕΔΟΝΩΝ.
1675 1841 1989 1909 [lustramur-

440 1951 562 2012 suirum
586 1950 666 2035 quin
695 1950 730 2010 hi
759 1948 890 2032 longius
911 1949 953 2011 al)
974 1949 1040 2011 snit
1067 1947 1186 2010 linibus
1243 1947 1314 2010 bari
1332 1948 1462 2009 nonnisi
1482 1961 1555 2030 post
1571 1960 1697 2030 coptam
1715 1949 1905 2010 aRomanis
1920 1950 1988 2010 Ms-

441 2051 619 2126 sh'stalsnnt,
640 2052 884 2114 corruerim
906 2050 997 2110 numi
1017 2051 1188 2112 minuosi·
1242 2051 1410 2114 cedonism
1430 2049 1549 2110 imitari
1564 2061 1726 2133 poterunt.
1758 2047 1865 2111 Iidem
1880 2049 1988 2112 aerius

441 2153 478 2216 bi
503 2152 598 2216 lucre
624 2151 768 2235 cogniti,
796 2173 905 2236 neque
933 2151 968 2212 in
995 2149 1187 2214 commercii
1239 2153 1373 2235 cognita
1408 2153 1630 2213 Romanorum
1660 2165 1813 2227 moneta,
1846 2163 1883 2213 et
1912 2150 1990 2232 -jam

403 2319 418 2334 ,
440 2275 536 2319 nsum
565 2253 703 2336 recepti.
741 2254 786 2314 Ar
813 2273 896 2318 vero
924 2267 1077 2336 quantum
1107 2253 1186 2316 olim
1242 2253 1345 2337 magis
1375 2253 1542 2338 magisque
1569 2251 1792 2318 invalescente
1820 2249 1862 2314 ad
1890 2250 1987 2333 hujus

441 2355 538 2435 hujus
567 2368 689 2417 tractus
716 2353 845 2418 bsrbnri
871 2352 1106 2418 abundaverint
1129 2375 1188 2416 nu·
1241 2354 1335 2437 typc's
1357 2355 1390 2414 in
1408 2375 1502 2416 suam
1523 2353 1769 2417 transferendos
1797 2351 1986 2440 deflexere,

441 2457 503 2517 nnis
533 2453 744 2532 Thuriorum,
765 2455 926 2537 fflfflippi
939 2455 1010 2530 -11.,
1029 2454 1183 2538 -ojnsqne
1240 2469 1276 2516 ut
1298 2453 1419 2517 dictum
1440 2456 1579 2521 articulo
1598 2455 1770 2542 proximo,
1795 2469 1835 2518 et
1857 2455 1986 2520 dicatur

440 2555 501 2616 lilii
520 2555 714 2629 Alexandri,
745 2569 814 2616 tum
842 2569 876 2617 et
902 2556 1010 2619 numis
1029 2553 1184 2617 Multu-
1240 2556 1406 2622 continuo.

440 2652 625 2720 ΔΟΝΩΝ.
641 2648 868 2729 ΠΡΩΤΗΣ,
892 2668 1087 2738 argumento
1103 2669 1186 2732 ecto,
1603 2725 1625 2763 ι

440 2754 531 2838 qnod
554 2756 674 2818 horum
697 2756 843 2838 ipsorum
869 2757 985 2840 ingens
1016 2756 1111 2839 copia
1138 2755 1186 2818 ihi
1496 2771 1521 2810 0
1702 2771 1730 2810 ’ὑ
1885 2813 1889 2820 .

438 2855 636 2940 frequenter·
649 2857 1182 2940 exrterrae·sinncnsergit,.qnos
1297 2857 1516 2924 Procedimus
1550 2861 1593 2925 ad
1629 2860 1844 2925 barbarorum
1876 2855 1984 2926 ‘iire-

438 2956 524 3020 adoo
553 2957 627 3021 fere
654 2956 744 3020 solos
771 2957 836 3035 ribi
859 2958 907 3021 ob
937 2958 1039 3022 dictas
1069 2976 1181 3021 cruces
1237 2975 1388 3026 monetae
1424 2965 1591 3025 Romanae
1629 2963 1838 3028 imitatricem
1872 2965 1985 3034 allatis

436 3056 612 3121 imitandos
647 3079 828 3141 sumpsere.
879 3059 1081 3142 Praecipuus
1120 3058 1183 3119 fuit
1236 3063 1453 3148 aliquotejus
1472 3063 1644 3148 exemplis.

437 3159 480 3222 sd
506 3158 678 3221 imitandos
703 3159 912 3242 Philippi-ll.
942 3159 1181 3224 numerandos·

437 3273 473 3323 ⁰⁸
493 3262 679 3339 ῡθῠῐθῠῑίος
709 3281 784 3322 nam
814 3261 922 3324 omnia
948 3261 1181 3326 museaubnn·
1297 3267 1334 3348 7)
1360 3266 1468 3348 Capu!
1488 3267 1637 3331 Palladis
1649 3268 1822 3349 galeatum
1842 3269 1984 3346 alalum,
2047 3233 2052 3244 ¹
2099 3253 2100 3274 ³

436 3359 514 3422 dant
530 3361 777 3424 tetrudraclsmis
789 3362 957 3440 barbatis,
980 3365 1016 3424 in
1039 3384 1180 3446 qnorum
1236 3369 1354 3428 additu
1366 3387 1599 3448 nonnunquam
1612 3373 1716 3431 etium
1730 3389 1816 3450 ponc
1828 3382 1910 3430 nota
1922 3369 1983 3440 K„

435 3483 498 3524 uua
535 3476 627 3545 porte
656 3476 707 3524 est
738 3477 834 3546 caput
863 3463 972 3540 loris,
1010 3465 1045 3525 in
1076 3465 1181 3528 alters
1235 3487 1302 3530 non
1337 3488 1413 3530 raro
1452 3467 1584 3534 obvium
1617 3470 1653 3532 iu
1690 3471 1797 3532 numis
1831 3469 1983 3544 Gallicis,

323 3627 332 3636 ,
435 3582 548 3645 eques.
589 3565 657 3626 Iam
681 3564 799 3627 iisdem
825 3567 908 3648 typis
929 3565 970 3628 ab
990 3563 1110 3628 eodem
1131 3588 1182 3628 sr-
1236 3569 1390 3652 exemplo
1412 3586 1577 3656 sumptoa
1599 3573 1742 3636 denariis
1758 3573 1981 3636 Romanorum

435 3663 578 3744 clsetypo
599 3666 701 3746 cnptis
722 3687 800 3727 urus
829 3678 880 3728 est
908 3667 942 3726 in
970 3680 1102 3729 moneta
1122 3689 1180 3730 cua
1232 3671 1472 3739 consularibus.

432 3763 609 3827 Audoleon
631 3766 793 3828 Paeoniae
817 3787 878 3828 rex
900 3766 1045 3849 Philippi
1064 3769 1106 3830 11.
1125 3787 1179 3830 uc·

434 3863 558 3948 qualia,
584 3877 682 3949 utque
697 3865 761 3948 jam
777 3865 922 3950 inhujus
938 3869 1045 3930 nnmis
1065 3866 1179 3930 obser·
1295 3873 1332 3954 d)
1365 3875 1471 3954 Caput
1492 3881 1587 3957 genis·
1610 3878 1785 3940 bubulum
1810 3877 1981 3940 diademo·

432 3985 512 4028 rare
533 3965 621 4028 diost
639 3987 731 4050 opus
759 3966 874 4029 saltem
903 3967 1175 4046 semibarbarum,
1233 3985 1314 4034 tum.
1352 3971 1377 4034 Ξ
1403 3976 1547 4043 RAVlS.
1580 3977 1752 4061 Sceptrum
1778 3976 1981 4050 laurentum,

434 4067 498 4130 etsi
514 4067 783 4131 Paeonia-cultae
799 4067 1013 4133 Mrcedoniae
1028 4069 1091 4132 fuir
1107 4069 1179 4131 fini-
1230 4076 1367 4156 globus,
1382 4079 1657 4158 gubernaculum.
1687 4080 1763 4141 Alc
1780 4079 1837 4143 111.
1866 4078 1981 4160 frypus

432 4165 522 4230 tima.
538 4168 642 4250 Ergo
658 4187 795 4231 necesso
812 4182 864 4231 est
882 4167 1039 4248 eredere,
1059 4191 1177 4234 numos
1231 4195 1275 4239 rx
1289 4176 1431 4240 denariis
1447 4178 1547 4246 Corn.
1562 4180 1710 4246 Lentuli.

432 4285 508 4328 cnm
522 4267 640 4332 iisdem
653 4269 754 4352 typis,
779 4271 838 4330 red
859 4271 986 4354 pictura
1002 4263 1100 4355 plane
1121 4273 1177 4336 ab·

431 4369 563 4445 norati,
592 4369 742 4452 riguatos
762 4371 864 4435 fisisre
887 4394 906 4435 a
931 4372 1078 4435 barbaris
1110 4395 1176 4437 ms-
1279 4382 1329 4463 c)
1354 4382 1616 4466 Caputluuous’s
1627 4385 1784 4466 Sirpitue.
1806 4376 1983 4448 ssavis

433 4466 485 4548 gis
513 4469 599 4530 intus
619 4470 699 4532 loca
729 4471 968 4537 mediterranea
999 4475 1181 4539 obtinenti,
1231 4480 1518 4562 Gubernaculum,
1530 4487 1668 4566 globus,
1684 4485 1828 4560 tridens,
1846 4483 1984 4564 velsul·

432 4565 513 4642 bus,
540 4581 574 4630 et
594 4592 612 4631 a
633 4569 833 4635 Graecorum
863 4578 991 4638 cultura
1018 4579 1174 4640 remotio·
1228 4603 1313 4644 men.
1342 4583 1411 4647 au.
1428 4586 1482 4646 111.
1512 4586 1630 4649 Antics
1650 4605 1692 4649 ex
1709 4583 1851 4647 denariis
1871 4582 1981 4665 gentis
2099 4633 2100 4638 ,

432 4665 535 4728 ribus.
564 4669 716 4755 Denique
734 4695 777 4738 ne
790 4675 932 4739 dubitari
948 4679 1069 4760 possit,
1084 4700 1172 4757 eum,
1225 4683 1347 4767 Papiae
1384 4686 1440 4749 rel
1475 4687 1635 4764 Rosciae,
1677 4707 1792 4752 aversa
1828 4683 1981 4765 ejusdem

431 4785 529 4848 quent
550 4767 634 4842 diri,
656 4786 793 4838 tractum
812 4791 935 4840 certam
957 4799 1031 4846 esre
1052 4783 1171 4845 horum
1228 4785 1326 4850 Corn.
1342 4787 1482 4850 Lentuli.
