4292 5467
583 620 659 692 nn
690 618 1217 710 naotsrnarmvs.
1598 642 1666 718 too

113 787 177 850 tim
206 807 251 850 ex
280 787 500 852 monumentia
521 801 652 852 eertum
682 802 744 854 eat.
789 785 865 882 Quo
921 802 1114 873 praetant,
1148 791 1212 872 jam
1239 802 1448 873 qoaemorea,
1487 789 1665 879 jannuti·
1694 857 1702 872 ,

110 891 259 965 iactum,
280 902 317 953 ut
335 889 401 974 jam
422 889 538 973 hujna',
567 893 631 973 jam
652 889 787 954 alterius
806 910 866 973 ge·
921 891 997 964 let,
1029 892 1094 974 jam
1130 893 1249 956 llviroa
1289 894 1469 956 monetales
1507 891 1669 968 ridemus*

110 991 209 1054 neria
239 991 445 1080 magiatratna
479 993 587 1056 numia
617 991 864 1070 inscriberetur,
919 1006 1020 1078 prout
1038 993 1090 1056 hia
1111 993 1218 1060 illiaro
1239 994 1423 1058 mandatum
1445 992 1592 1078 aignaudi
1613 1014 1663 1060 at·

111 1095 188 1157 aire
205 1095 240 1156 in
254 1093 338 1158 urhe
360 1114 504 1156 autumna
529 1107 637 1170 earet,
658 1093 728 1156 aive
744 1113 865 1178 epony·
920 1095 1012 1180 genti
1032 1114 1127 1179 opus.

109 1215 215 1272 mua,
242 1196 314 1260 aira
340 1210 504 1274 neutrum.
551 1195 604 1255 Ex
628 1192 779 1272 (imbue,
808 1193 864 1259 vel
977 1198 1018 1260 11.
1041 1195 1140 1290 Quod
1153 1195 1240 1260 idam
1252 1196 1451 1281 Agrippinae
1467 1198 1531 1281 jam
1544 1185 1662 1276 aoriha,

109 1297 332 1375 tribunitia,
355 1319 438 1382 quoa
453 1297 648 1382 piarumque
665 1296 865 1360 tetradrach·
919 1298 984 1382 jam
1006 1313 1141 1382 praetor
1167 1298 1308 1377 dieitur,
1337 1297 1456 1362 fautum
1478 1299 1566 1363 sorte
1587 1319 1662 1384 pro-

109 1402 178 1462 mia
201 1399 320 1462 Attioia
347 1398 521 1483 inseriptoa
548 1396 717 1475 ridemur,
754 1398 863 1460 nnllna
916 1412 1054 1482 pterea,
1087 1398 1175 1484 quod
1210 1399 1237 1462 ia
1267 1399 1408 1482 primum
1442 1400 1569 1464 acrihae
1595 1421 1664 1463 mu·

107 1502 205 1564 hand
231 1501 332 1564 dubie
363 1500 448 1577 init,
486 1498 543 1583 qui
571 1518 696 1562 nummo
725 1499 863 1561 Athenin
919 1520 1002 1564 nere
1023 1500 1179 1577 iuuetur,
1208 1501 1241 1561 in
1271 1502 1434 1584 praetoria
1457 1502 1594 1566 auhinde
1617 1502 1664 1564 di·

106 1605 306 1687 magiatratu
334 1602 465 1665 functus
495 1613 593 1665 earet.
639 1599 799 1676 Videmna
828 1601 864 1662 in
920 1603 1077 1686 gnitatem
1114 1601 1281 1669 anooeaait.
1324 1603 1496 1668 Existimat
1524 1604 1664 1668 Pelleni-
1750 1643 1757 1662 .

107 1706 245 1782 numia,
283 1702 460 1787 praecipue
482 1701 660 1784 Smyrnae,
690 1714 724 1766 et
746 1701 866 1764 Laodi·
918 1703 991 1766 niue
1015 1705 1065 1786 ¹),
1102 1701 1237 1767 ahtente
1265 1703 1321 1769 vel
1346 1718 1476 1768 mortuo
1509 1719 1664 1789 praetore

109 1827 195 1872 oeae
225 1805 414 1888 Phrygiae,
450 1803 558 1866 notari
591 1803 698 1865 omnia
730 1804 863 1887 generis
918 1806 1015 1890 hujna
1041 1803 1245 1888 magistratus
1270 1806 1342 1888 jura
1363 1807 1495 1870 interim
1522 1807 1556 1869 in
1584 1808 1664 1872 acri·

110 1909 325 1991 magistratus
347 1921 411 1968 tam
429 1925 558 1981 sacros,
580 1926 676 1990 quam
697 1905 862 1987 profanos.
918 1908 994 1972 ham
1020 1906 1122 1970 iuiaaa
1152 1907 1315 1970 tranalata.
1357 1909 1403 1970 At
1429 1930 1495 1973 non
1523 1909 1665 1977 advertit

108 2013 233 2096 Neque
255 2029 338 2075 vero
361 2008 458 2070 etiam
478 2005 658 2089 praefixum
673 2003 757 2068 ΕΠΙ
780 2026 864 2070 aem·
918 2012 970 2075 vir
997 2004 1167 2085 eruditus,
1197 2021 1231 2071 et
1257 2022 1443 2092 praetorem
1466 2025 1500 2075 et
1522 2009 1664 2075 scribam

108 2135 176 2198 per
197 2113 422 2195 magiatratum
444 2129 641 2192 eponymum
662 2122 772 2185 notat,
802 2108 863 2172 aad
919 2110 985 2174 diei
1006 2113 1040 2172 in
1061 2109 1167 2172 numia
1184 2111 1419 2192 Agrippinum,
1442 2127 1476 2178 et
1497 2114 1584 2177 haud
1599 2114 1664 2182 ‚tiu-

108 2235 217 2299 aaepa
244 2225 389 2289 tantum,
410 2211 474 2273 hoe
496 2212 565 2274 aire
587 2210 765 2288 archonte,
793 2211 862 2275 aire
918 2207 1067 2275 hie'eaae
1089 2232 1188 2273 unum
1210 2211 1430 2296 eundemque.

109 2332 286 2400 stratego,
313 2315 384 2377 aire
414 2313 544 2389 nomba,
574 2313 643 2376 aire
677 2325 862 2398 quaettorta
982 2316 1037 2375 ttt
1075 2312 1180 2409 Quam
1210 2311 1273 2375 hoo
1303 2312 1379 2376 looo
1400 2318 1557 2401 proposui
1575 2316 1663 2380 ‹titt-

108 2423 183 2486 aire
205 2415 383 2504 pontifice,
410 2415 480 2478 aive
496 2414 651 2478 Aaiareha
672 2430 735 2478 eto.
757 2416 863 2498 aigna-
917 2415 1092 2493 cultatem,
1116 2416 1300 2500 quicunque
1324 2416 1434 2492 volet,
1460 2417 1662 2482 enodandam

108 2537 326 2595 terraemot,
354 2531 453 2602 prout
481 2536 600 2600 nempe
628 2515 705 2579 huie
727 2520 781 2580 vel
811 2517 862 2578 itti
917 2517 1082 2600 relinquo.
1399 2583 1402 2592 ,

108 2621 345 2689 demandatum
390 2619 453 2682 fuit
495 2617 667 2682 feriendae
709 2631 861 2682 monetae
980 2620 1037 2687 tv.
1076 2616 1175 2712 Quod
1203 2617 1267 2682 hoe
1301 2618 1388 2704 looo¹
1405 2617 1660 2698 ohaervarimua,

107 2725 305 2808 negotium,
342 2734 399 2784 aut
427 2721 499 2806 quia
530 2741 602 2784 eam
631 2741 692 2784 auo
726 2720 861 2785 arbitrio
917 2717 1007 2784 alind
1031 2741 1097 2782 non
1121 2719 1256 2805 prohat,
1279 2741 1374 2806 qnam
1398 2741 1526 2786 morem
1553 2723 1662 2789 aititu-

107 2825 297 2891 ieriundam
318 2822 464 2900 curarit,
492 2821 611 2887 eodem
634 2822 729 2904 plane
750 2822 861 2899 modo,
916 2835 1010 2901 tum,
1042 2842 1125 2908 quae
1148 2821 1370 2906 magistratum
1395 2821 1459 2890 hoo
1483 2824 1586 2896 illoto
1606 2837 1663 2891 tto‘·

108 2950 182 3015 «prro¹
207 2924 386 3010 inscriptos
410 2923 520 2988 numia
545 2923 769 2990 oonanlarihua
796 2925 861 3010 jam
918 2926 1007 2993 mina
1029 2924 1093 2989 aihi
1108 2943 1262 3012 praeesse
1280 2926 1430 2993 reluere.

832 3353 950 3447 arn

623 3552 718 3624 nn
776 3549 1146 3626 annotata

100 3793 286 3906 lunata-ern
314 3840 405 3903 huno
429 3839 662 3924 Spartanorum
691 3841 858 3927 magiatra·
914 3833 1023 3903 Not.
1046 3851 1110 3905 ete.
1151 3837 1314 3922 ephorum
1341 3837 1455 3906 ridete
1482 3839 1545 3906 aihi
1575 3840 1662 3908 viana

100 3957 177 4008 tam
195 3943 313 4005 unium
332 3963 451 4004 numne
470 3955 640 4007 memorat.
918 3955 969 4005 eat
990 3941 1202 4020 Vaiilantiua,
1231 3940 1289 4004 aad
1311 3963 1406 4028 quam
1427 3943 1604 4009 lectionem
1626 3947 1661 4008 in

160 4043 243 4108 na
260 4037 765 4116 n‹1›oro.r1ntat>acroc.
785 4047 861 4108 cta·
915 4043 1022 4107 namn
1038 4043 1139 4128 enjus
1158 4042 1248 4110 arat·
1267 4042 1303 4106 tn
1320 4044 1454 4108 nantum
1471 4047 1595 4112 vocata
1697 4035 1701 4040 '

99 4169 149 4212 aaa
167 4147 328 4210 Herculis
353 4166 430 4208 cum
454 4147 607 4222 caduceo.
643 4147 705 4209 Eat
727 4161 863 4211 autono-

97 4271 180 4312 ιιι
198 4268 324 4312 aeneua
339 4246 597 4330 Lacedaemonia
618 4247 704 4334 apud
720 4247 863 4314 Patieri-
1174 4295 1195 4334 ,
1277 4247 1299 4286 ⁹
1381 4295 1402 4334 ,

97 4357 199 4418 aian
214 4347 260 4433 ¹³).

168 4456 211 4516 Iu
245 4471 349 4516 numo
375 4453 548 4538 Poppaeae
585 4451 672 4536 apud
690 4453 861 4546 ⁸Aneyram
979 4451 1112 4530 Fuere,
1152 4449 1240 4535 quoti
1271 4451 1497 4516 interamnae
1526 4465 1660 4532 onustat,

99 4553 277 4639 Phrygiae
302 4555 430 4638 signato
459 4575 534 4619 oum
557 4555 764 4641 epigraphe:
801 4555 861 4621 TI.
917 4553 1037 4636 ephori
1057 4554 1236 4638 collegiam
1249 4555 1290 4621 V.
1309 4555 1455 4621 virorum
1472 4557 1583 4642 regiae
1606 4577 1662 4642 po·

97 4652 403 4724 ttazztltaot'.
456 4652 540 4725 ΕΦ.
590 4653 863 4722 ΑῙΤΗΣΑΜΕ·
918 4658 1039 4722 teutiae
1070 4657 1276 4741 oppositum,
1310 4672 1345 4722 et
1372 4659 1491 4735 annui,
1523 4679 1662 4744 quorum

136 4871 174 4938 a)
195 4865 269 4926 ttet.
289 4869 332 4928 tt.
350 4885 419 4945 pap·
436 4879 481 4932 tt·
525 4871 532 4878 ’
558 4865 595 4941 h)
613 4865 719 4946 Supph
733 4867 785 4930 tv.
804 4885 836 4944 p-
852 4873 896 4937 4³·
