4292 5467
560 1226 1273 1398 cinerario
1452 1340 1575 1411 ¹,

725 1579 1116 1605 *mm

130 1855 385 2008 Enarratis,
427 1902 724 2021 explicatisque
750 1910 945 2022 rubium,
982 1915 1255 2028 populorum,
1292 1948 1521 2034 regumque
1554 1924 1689 2006 numis

134 2033 322 2118 nondum
351 2036 456 2122 mihi
491 2045 630 2128 omnia
661 2045 717 2132 ad
754 2078 1020 2137 commrmem
1051 2055 1275 2143 utilitatem
1308 2061 1404 2144 satis
1440 2045 1689 2144 videbantur

132 2200 224 2256 esse
245 2173 433 2285 provisa,
459 2179 539 2264 nisi
559 2196 610 2268 et·
624 2189 837 2298 generales
857 2191 1068 2304 quasdam.
1077 2221 1248 2304 causas,
1268 2225 1316 2279 ac
1331 2198 1569 2310 peristases,
1587 2225 1688 2309 quas

131 2311 370 2422 complures
392 2313 518 2432 hujus
544 2321 684 2406 classis
707 2326 826 2410 numi
844 2327 953 2415 inter
974 2359 1018 2416 se
1036 2361 1280 2418 communes
1304 2334 1481 2444 hahent,
1510 2348 1690 2420 tractan-

131 2445 207 2531 das
227 2452 579 2569 exponendasque
594 2461 872 2576 susciperem...
885 2467 943 2552 Et
960 2496 1059 2554 vero
1081 2485 1269 2584 separato
1293 2502 1362 2558 eas
1382 2474 1501 2580 loco,
1528 2473 1689 2556 confer-

130 2598 284 2700 tasque
299 2588 427 2675 fuisse
443 2597 751 2709 proponendas,
772 2616 864 2687 tum
884 2619 928 2691 et
951 2607 1237 2719 explicandas,
1254 2612 1342 2724 ipsa
1367 2612 1431 2695 rei
1447 2625 1595 2698 natura
1614 2637 1687 2723 pa·

131 2723 216 2806 lam
236 2737 302 2846 est
325 2728 413 2814 visa
435 2735 655 2843 posndare.
687 2737 933 2852 Enimvero,
961 2758 1010 2830 ut
1025 2747 1169 2857 paucis
1192 2747 1349 2834 isthaec
1372 2750 1571 2862 exemplis
1593 2748 1687 2832 illu·

129 2875 283 2969 strem,
303 2893 402 2949 cum
420 2898 505 2953 non
523 2900 606 2957 una
627 2875 752 2962 fuerit
769 2883 894 2988 urhs,
916 2882 990 2966 sed
1008 2883 1146 2995 plures
1163 2884 1284 2997 aliae,
1309 2915 1416 3000 qnae
1438 2921 1476 2974 v.
1494 2915 1528 3004 c.
1550 2885 1686 2970 Asiar-

129 2998 255 3107 chas,
272 3002 475 3115 epocham
493 3010 827 3129 Seleucidanrm,
846 3020 1324 3106 formulamdNEOHKE
1335 3027 1486 3130 ,ludos
1504 3024 1686 3136 Pythios,

129 3149 267 3222 certos
292 3142 496 3251 quosdam
519 3146 726 3238 honorum
751 3156 892 3243 titulos
916 3159 1155 3245 etesnumis
1180 3161 1264 3246 suis
1290 3161 1556 3276 inscripsere,
1592 3162 1685 3245 nul-
1726 3169 1732 3178 '

127 3273 215 3357 lam
234 3273 368 3360 habui
387 3296 546 3368 certam
570 3290 800 3403 rationem,
827 3323 903 3378 cur
928 3298 1042 3382 varia
1065 3297 1171 3384 haec
1191 3298 1409 3412 inscripta,
1439 3313 1481 3385 et
1506 3327 1613 3412 quae
1630 3297 1685 3384 ad

128 3409 237 3495 haec
267 3415 523 3504 observanda
550 3426 685 3537 inere,
715 3429 760 3515 in
789 3434 926 3517 numis
959 3435 1093 3547 potius
1122 3435 1296 3549 Ephesi,
1331 3465 1457 3548 quam
1482 3435 1684 3550 Pergami,
1806 3532 1810 3541 ,

127 3550 344 3660 Byzantii,
383 3585 510 3669 quam
532 3565 726 3652 Sardium
747 3598 1045 3671 memorarem..
1081 3572 1145 3656 Ad
1178 3574 1282 3658 haec
1312 3589 1397 3658 uno
1427 3574 1553 3658 etiam
1582 3600 1684 3686 quo·

127 3686 264 3797 piam,
298 3705 497 3808 certoque
527 3701 622 3788 loco
651 3706 894 3819 explicanda
919 3723 1038 3817 sunt,
1074 3739 1182 3824 quae
1208 3714 1260 3795 ad
1285 3703 1556 3798 evolvendam
1585 3739 1683 3824 epo·

127 3823 306 3914 chanun
322 3844 540 3945 naturam,
557 3869 711 3956 easque
734 3846 1004 3959 computandi
1022 3847 1221 3958 modum,
1246 3851 1522 3952 coloniarum,
1548 3849 1684 3933 muni·

122 3961 440 4080 (ipiorumque,
468 3987 560 4060 tum
581 3994 624 4064 et
642 3963 932 4096 metropolium
944 3965 1108 4073 ¹variam
1129 3987 1489 4103 significationem,
1514 4000 1556 4072 et
1576 4007 1683 4099 quae

125 4101 289 4184 suntid
311 4134 443 4218 genus
467 4111 583 4223 alia,¹
601 4118 820 4229 pertinent
864 4123 1018 4210 Viderit
1033 4109 1238 4232 hactenus
1262 4127 1412 4233 lector,
1439 4151 1586 4238 numos
1609 4123 1682 4208 he·
1839 4173 1846 4188 ·

124 4262 272 4347 roum,
305 4239 553 4360 heroidum,
591 4257 876 4369 conditonrm,
911 4291 1264 4379 personarumque
1299 4262 1523 4348 illustrium
1554 4290 1579 4345 a
1613 4291 1683 4345 me

123 4403 212 4460 non
235 4377 283 4462 in
309 4395 467 4468 certam
492 4392 731 4505 quampiam
755 4397 950 4505 classem,
980 4401 1092 4514 quod
1119 4432 1140 4484 a
1168 4401 1375 4517 plerisque
1398 4401 1599 4485 hactenus
1622 4401 1683 4482 fa-

121 4524 266 4623 cturn,
289 4519 419 4604 fuisse
438 4524 638 4638 tributoS,
660 4533 735 4615 sed
760 4550 967 4622 enarratos
984 4539 1028 4621 in
1044 4540 1095 4624 iis
1119 4541 1320 4648 urbibus,
1346 4565 1399 4622 ex
1420 4566 1598 4652 quarum
1621 4538 1682 4622 of-

121 4649 258 4737 ficinis
280 4663 521 4747 monetariis
545 4666 774 4779 prodivere.
813 4663 1076 4801 At'proxime
1098 4678 1353 4792 singulorum
1374 4678 1682 4762 revocabuntur

121 4791 291 4876 nomina
323 4796 465 4883 addito
496 4806 625 4890 natali
650 4803 760 4915 solo,
796 4812 914 4928 cujus
938 4843 1008 4898 eos
1033 4843 1109 4900 seu
1124 4792 1368 4923 ueneratio,
1400 4844 1472 4899 seu
1493 4815 1679 4899 adfectus

183 4933 277 5009 (ror.
294 4937 374 5018 IV.)
1343 4959 1373 5022 Α
1396 4980 1413 5022 a
