4292 5467
542 601 716 676 REGG.
752 598 959 685 Nvtttt).
996 602 1070 671 ET
1106 603 1363 679 ttAvttttt.
1658 626 1731 694 tas

178 792 247 834 suus
274 772 389 855 prior,
423 785 492 837 tum
514 770 602 856 qnod
619 773 777 835 hactenus
797 769 830 829 in
854 785 927 828 cer·
984 770 1053 833 latu
1071 789 1130 835 suo
1145 771 1232 837 hunc
1248 775 1360 839 Iubam
1377 791 1585 860 praesentem
1603 779 1729 843 Romae

177 874 218 937 tis
241 873 343 938 Iubae
361 876 403 941 11.
432 875 539 937 numia
568 874 792 937 characterem
814 866 927 929 Numi·
984 870 1085 948 sidit,
1124 894 1192 936 non
1221 896 1300 953 res,
1337 878 1397 940 sed
1424 880 1514 962 regis
1538 879 1626 943 filins
1651 878 1731 945 dici·

177 974 287 1038 dicnm
311 996 377 1039 non
403 976 656 1042 observavimus.
689 972 816 1037 Aversa
841 967 926 1029 sistit
973 975 1101 1055 Ιῑιινθ),
1121 979 1219 1041 etsic
1235 979 1538 1059 ethmabuetonio
1554 980 1596 1059 d).
1618 982 1731 1046 Enim·

176 1094 299 1160 equum
321 1078 422 1141 citato
443 1098 558 1155 curan,
581 1096 655 1139 nam
674 1088 795 1139 tractus
814 1072 842 1133 is
860 1070 925 1152 jam
982 1094 1065 1139 vero
1081 1078 1267 1142 nallatenus
1282 1080 1407 1155 dubito,
1426 1083 1604 1150 notaslili.
1618 1084 1653 1144 in
1669 1083 1730 1147 hu·

176 1188 293 1241 vetere
321 1199 404 1241 aean
432 1203 449 1241 a
476 1177 658 1263 propagine
687 1190 925 1261 generosorum
982 1176 1033 1259 jus
1058 1176 1156 1241 lubae
1181 1181 1482 1264 numis,'quouiam
1497 1204 1564 1245 uon
1588 1187 1728 1248 seorsim

176 1288 341 1363 equorum
371 1280 496 1344 claraus.
540 1281 675 1345 Parrasi
704 1278 801 1359 hujus
834 1272 926 1335 numi
982 1278 1122 1358 scriptae
1140 1293 1229 1357 sunt,
1252 1280 1359 1343 sedin
1375 1282 1486 1347 medio
1505 1284 1727 1369 inscriptionis

175 1380 341 1463 picturam
375 1378 454 1443 oiim
489 1384 684 1467 vulgavit).
727 1374 826 1439 Numi
859 1370 925 1434 duo
982 1378 1174 1441 Numidicae
1197 1381 1340 1462 positae,
1370 1374 1445 1449 esse
1469 1406 1599 1471 quoque
1615 1387 1729 1449 Numi·

174 1480 339 1564 postremi
362 1482 453 1567 regis
481 1504 590 1568 neque
617 1482 786 1566 effigiem,
814 1490 925 1567 neque
983 1478 1097 1555 dicas,
1126 1499 1234 1565 neque
1267 1480 1380 1567 obest,
1408 1484 1531 1549 habere
1560 1487 1634 1551 illas
1660 1487 1729 1551 ior·

175 1580 384 1666 epigraphen
403 1584 582 1665 praebent,
603 1600 714 1649 tamen
739 1580 847 1644 eidem
874 1577 926 1637 Iu·

174 1682 237 1746 bae
263 1681 431 1751 vindicare
458 1686 536 1750 illos
562 1708 628 1749 non
655 1697 790 1750 veretur
814 1677 925 1742 Pelle·

174 1784 301 1863 tinius,
324 1784 416 1871 quod
437 1788 470 1848 in
489 1788 637 1852 hisitem
655 1784 802 1871 ejusdem
827 1779 924 1842 ratis·

174 1888 226 1949 nis
252 1901 306 1951 cst
335 1888 533 1973 epigraphe,
561 1910 643 1974 quaa
664 1889 697 1949 in
724 1878 925 1969 praeceden-

175 1988 274 2052 tibus.
317 1989 463 2073 Apparet
483 2011 584 2075 ergo,
606 1990 716 2053 iubas
736 2004 837 2070 nsque
857 1983 925 2066 pla·

176 2110 233 2176 gas
250 2091 340 2154 loris
359 2091 683 2176 Ammonis·gloriarn
704 2096 923 2174 propagatam,

175 2206 211 2255 et
239 2191 449 2275 elephantum
481 2208 517 2257 ut
548 2194 691 2279 Aegypti
726 2204 760 2255 et
790 2187 924 2270 Libyae,

174 2294 223 2359 sle
240 2308 276 2359 et
290 2292 463 2357 Numidiae
480 2294 581 2359 fuisse
596 2292 789 2374 symbolum.

238 2396 278 2457 ln
301 2394 451 2459 omnihus
475 2396 527 2458 his
552 2396 659 2459 numia
674 2408 710 2459 ut
729 2396 844 2457 eadem
870 2407 922 2455 est

175 2496 380 2582 epigraphe,
411 2482 533 2561 eadem*
551 2497 720 2561 literarum
751 2495 922 2583 formast

173 2596 279 2675 ordo,
308 2598 357 2661 sie
379 2600 473 2683 etin
498 2602 566 2683 ipsa
585 2600 754 2679 literarum
774 2597 921 2660 Numidi·
993 2649 995 2657 .

173 2719 289 2763 carum
313 2720 350 2762 se
374 2702 643 2784 consequentium
665 2700 753 2764 serie
780 2700 920 2763 interce·

172 2815 247 2883 ptas
277 2800 389 2866 rideas
425 2802 552 2865 litterae
574 2796 692 2871 dlxii.
756 2803 794 2862 ln
821 2802 921 2865 citato

173 2922 277 2966 aureo
302 2894 563 2968 Pembroclsiano
588 2903 815 2990 praetenditur
842 2902 921 2966 scri-

170 3019 265 3089 ptum
298 3002 472 3082 xxxxii,
506 3004 566 3070 sed
604 3027 743 3085 vereor,
773 3027 816 3068 ne
848 3005 919 3088 ejus

171 3108 267 3170 numi
296 3109 406 3190 pictor
431 3096 617 3193 postremos
644 3108 728 3173 duos
753 3107 920 3173 characte-

168 3228 248 3284 res,
271 3210 328 3293 qni
356 3228 436 3274 vere
458 3224 532 3273 sunt
549 3210 731 3288 Numidici,
759 3209 929 3274 incautius

168 3310 252 3373 iux
270 3310 464 3391 mutaverit.
503 3312 578 3378 Viri
602 3312 724 3375 eruditi
748 3332 814 3375 nou
841 3318 918 3395 paui

168 3413 202 3477 ci
227 3413 315 3476 notis
337 3413 388 3475 his
411 3412 549 3476 indicari
572 3414 668 3496 regni
690 3434 792 3477 annos
810 3414 919 3477 credi·

168 3514 275 3593 ders,
303 3528 399 3600 capto
420 3512 507 3577 hand
534 3512 633 3579 dubie
650 3514 773 3597 judicio
796 3530 837 3578 ex'
857 3538 916 3578 nu·

168 3618 233 3680 mis
270 3614 332 3680 tttii
361 3616 460 3680 lubae
484 3618 542 3692 tt.‚
580 3630 615 3680 et
647 3616 777 3698 nepotis
805 3618 916 3683 Ptole·

166 3719 268 3783 arraei.
307 3721 400 3801 Ergo
423 3718 600 3803 Belleyns,
623 3738 721 3802 quem
742 3720 776 3781 in
799 3719 913 3783 eadem

164 3820 272 3885 inisse
296 3822 478 3899 sententia,
507 3835 542 3885 et
566 3818 664 3883 iidem
688 3841 788 3884 numo
818 3824 915 3887 Pem-

164 3921 349 3986 broclsisno
372 3922 525 3986 habuisse
559 3922 655 3986 rideo
678 3920 712 4003 b)
726 3914 746 4000 ,'
764 3944 829 3987 non
860 3946 914 3990 re·

165 4036 264 4087 retur
281 4022 383 4089 labae
398 4024 547 4088 tribuere
563 4043 665 4087 annos
681 4026 777 4108 regni
785 4028 914 4107 XXXX,

162 4138 198 4188 at
225 4146 301 4191 cnm
323 4140 412 4191 certa
435 4125 501 4189 fide
524 4140 671 4205 constet,
693 4148 768 4190 eum
790 4142 840 4192 tot
861 4152 916 4192 su·

163 4248 227 4289 nos
256 4247 363 4314 regno
386 4230 490 4293 solum
516 4250 582 4292 non
603 4231 804 4313 praefuisse,
825 4252 843 4291 a
862 4253 916 4314 ps·

166 4346 221 4395 tre
236 4330 431 4416 Hiempsale
448 4332 609 4396 adscitum
630 4334 791 4417 collegam
807 4339 917 4421 opina·

161 4448 227 4501 tur.
269 4436 397 4503 Verum
421 4456 439 4498 s
459 4437 644 4512 Cicerone,
666 4440 723 4523 qai
742 4440 776 4500 in
801 4460 916 4502 consu·

197 4662 230 4735 s)
250 4659 349 4719 Catal.
370 4676 444 4717 mus.
465 4660 551 4721 Caes.
570 4660 785 4729 T.1.sat›.1v.
810 4675 896 4723 n.2t.

981 1602 1066 1643 mam
1100 1580 1299 1645 characteris
1326 1584 1454 1661 Latini,
1481 1607 1555 1647 uam
1588 1588 1726 1652 eandem

980 1683 1110 1745 literam
1136 1681 1236 1751 hahet
1262 1682 1359 1746 etiam
1383 1685 1593 1769 alphabetum
1617 1691 1726 1755 Sama·

980 1781 1137 1864 ritantim,
1174 1788 1208 1849 iu
1239 1808 1304 1871 quo
1335 1788 1405 1850 Tau
1431 1802 1542 1870 notst;
1576 1792 1655 1875 quin
1690 1807 1727 1857 et

982 1886 1119 1949 eandem
1146 1888 1274 1951 literam
1294 1890 1328 1949 in
1348 1889 1420 1952 aliis
1443 1891 1549 1954 anmis
1564 1896 1726 1957 Maureta·

981 1989 1063 2051 niuis
1076 1988 1225 2053 obtinere
1236 1990 1360 2064 locum,
1375 1992 1499 2073 patebit
1513 1994 1726 2076 perlustranti

980 2090 1122 2158 tabulam
1142 2091 1238 2155 CXX.
1256 2092 1428 2155 Pellerinii
1445 2094 1479 2155 in
1497 2096 1579 2159 Rec.
1598 2098 1724 2173 T.111.,

981 2211 1043 2274 qun
1062 2192 1134 2273 ejus
1158 2189 1291 2276 generis
1315 2195 1508 2261 numismata
1528 2196 1622 2280 plura
1648 2216 1724 2262 con·

980 2292 1136 2359 lineatur.
1211 2284 1218 2307 '

1045 2394 1131 2460 Ali.
1148 2394 1190 2457 tt.
1212 2395 1293 2461 ΛΕ.
1311 2396 1426 2461 Rati.

1248 2558 1377 2666 sves
1410 2601 1449 2661 tt.

1041 2802 1140 2865 lubae
1160 2804 1185 2865 t.
1208 2800 1313 2879 filins,
1341 2821 1440 2866 caeso
1461 2818 1535 2887 post
1553 2807 1719 2889 Thapsen·

975 2924 1046 2967 sem
1069 2904 1285 2968 calamitatem
1303 2918 1402 2986 patre
1427 2926 1532 2989 paene
1552 2908 1657 2970 infans
1675 2910 1721 2973 ri·

976 3004 1061 3069 ctori
1075 3006 1209 3070 Caesari
1230 2992 1387 3079 traditus,
1415 3020 1512 3092 atque
1535 3009 1660 3073 abhoc
1683 3010 1718 3071 iu

974 3107 1131 3171 Africano
1163 3127 1223 3170 sno
1254 3106 1420 3190 triumpho
1449 3109 1544 3173 inter
1571 3112 1718 3194 captivos

974 3222 1153 3272 ostentatus
1191 3208 1373 3273 liberaliter
1410 3220 1519 3273 tamon
1560 3214 1600 3273 in·
1632 3213 1717 3275 urhe

973 3308 1129 3373 educatus
1155 3308 1227 3373 tuis.
1275 3309 1473 3374 Octavianus
1496 3333 1558 3396 per
1579 3316 1628 3377 Μ.
1651 3316 1718 3374 An-

971 3412 1054 3475 tonii
1079 3430 1195 3475 necem
1221 3430 1338 3473 rernm
1357 3431 1440 3474 unns
1473 3415 1597 3496 potitus
1628 3414 1716 3478 circu

972 3533 1089 3579 annum
1107 3514 1149 3581 V.
1165 3515 1202 3578 C.
1219 3522 1293 3596 724.
1327 3513 1426 3577 lubas
1451 3528 1624 3599 paternum
1651 3517 1717 3579 Nn·

970 3613 1090 3678 midiae
1116 3634 1256 3696 regnam
1284 3614 1445 3694 restituit,
1472 3630 1507 3680 et
1533 3638 1596 3680 una
1621 3618 1717 3683 Cleo·

958 3730 1096 3799 patrem
1121 3715 1263 3780 Selenen
1282 3718 1328 3783 M.
1354 3717 1490 3780 Antonii
1519 3732 1555 3782 et
1578 3719 1717 3805 Cleopa·

960 3832 1041 3882 *trae
1067 3818 1168 3882 tiliam
1186 3838 1324 3881 uxorem
1343 3816 1444 3884 dedit.
1477 3820 1569 3885 idem
1591 3822 1717 3907 aliquot

959 3934 1046 4004 ‚post
1073 3938 1175 3983 annos
1208 3941 1270 4002 pro
1300 3922 1452 3985 Numidia
1481 3924 1715 3989 Mauretaniam

971 4023 1025 4085 illi
1054 4021 1299 4087 Caesariensem
1328 4038 1363 4087 et
1384 4022 1587 4106 Tingitanum
1613 4029 1716 4112 cessit

971 4125 1090 4189 additis
1113 4123 1217 4187 serius
1239 4124 1379 4189 Getulis.
1410 4126 1560 4189 Mortuus
1584 4141 1636 4191 est
1654 4129 1716 4192 cir·

972 4250 1010 4292 ca
1041 4248 1161 4291 annum
1185 4226 1225 4293 V.
1247 4226 1284 4291 C.
1301 4242 1375 4308 772.
1400 4225 1437 4287 Ρ.
1450 4225 1492 4292 X.
1518 4248 1566 4311 ap.
1599 4230 1715 4296 relicta

971 4331 1141 4417 praeclara
1163 4327 1214 4417 sni
1242 4327 1418 4404 memoria,
1448 4349 1542 4412 quarn
1566 4331 1715 4397 modera-

972 4437 1083 4511 tione,
1105 4452 1142 4496 ae
1165 4430 1340 4515 praecipue
1360 4428 1533 4513 multiplici
1559 4434 1714 4499 eruditio·

996 4660 1030 4733 b)
1050 4660 1083 4715 tt.
1102 4659 1134 4716 1..
1154 4659 1190 4714 T.
1206 4638 1367 4714 mint.
1386 4652 1454 4712 aisa
1472 4674 1504 4761 p:
1521 4667 1581 4718 tos.
1602 4671 1630 4716 et
1652 4671 1712 4724 tts

158 4752 191 4825 e)
210 4750 270 4827 teg.
290 4768 388 4826 agrar-
407 4750 446 4812 hl.
465 4764 547 4815 e.22·
642 4748 678 4825 d)
698 4740 734 4811 in'
746 4752 770 4814 Ι.
788 4752 873 4813 Caes.
893 4772 919 4811 c·
931 4764 974 4814 tt.

1399 4837 1559 4930 Va¹
