4292 5467
265 568 271 577 ·
408 582 454 659 us
869 528 1030 691 'ttvut
1063 529 1514 677 anaxanontem

408 743 548 806 rentntis
567 757 602 805 ct
619 743 841 809 renovationis
859 743 1060 827 symbolum,
1080 759 1155 807 rer·
1206 762 1270 826 pro
1282 743 1421 824 podibus
1433 745 1590 822 utrinque
1604 743 1711 805 conis
1733 738 1806 806 AB.
1816 740 1842 805 1.
1859 730 1961 822 (Aluass

406 867 460 908 sus
493 846 630 909 alteram
665 866 794 923 arcum,
832 845 948 912 mortis
985 844 1157 912 rastitatis·
1211 844 1325 924 Caes.)
1389 838 1394 855 ¹

407 968 471 1031 que
501 948 732 1023 instrumenta,
766 946 953 1013 ads'titutum
984 967 1066 1013 tero
1098 946 1155 1009 tri·
1273 930 1442 1025 maressii,
1459 958 1551 1010 sueta
1578 943 1731 1009 attributa
1759 943 1881 1029 gallus,
1913 955 1966 1007 to·

407 1051 527 1135 podem
545 1051 684 1112 innuere
703 1050 795 1133 leges
819 1048 997 1113 Adrasteus
1016 1064 1080 1113 etc.
1111 1049 1156 1111 At
1211 1048 1326 1125 stude,
1358 1047 1462 1125 aries,
1491 1047 1620 1124 hircus,
1649 1060 1706 1110 ant
1726 1044 1815 1111 canis
1835 1048 1964 1125 rarius,

407 1152 496 1216 enim
526 1151 708 1236 praesentis
737 1150 826 1211 numi
855 1152 1051 1236 explicatum
1082 1170 1158 1233 ιιρ·
1214 1164 1322 1213 tamen
1347 1164 1381 1213 et
1402 1150 1499 1232 hnjna
1519 1148 1634 1214 sociati
1654 1168 1785 1212 causum
1801 1158 1965 1213 tenemus.

359 1242 367 1249 ’
405 1256 555 1341 peditent
593 1266 715 1315 causae·
747 1251 862 1317 obviae
899 1274 938 1317 ac
975 1252 1156 1337 parabiles,
1214 1254 1315 1316 Teste
1341 1250 1519 1314 Plutarcho
1542 1251 1572 1332 ⁸)
1600 1251 1689 1314 canis
1717 1249 1889 1313 Mercurio
1917 1272 1968 1312 aa·

407 1354 508 1419 modo
546 1353 603 1416 has
640 1371 719 1435 prae
754 1354 916 1435 mysteriis
949 1374 1049 1418 ames.
1092 1355 1158 1416 Ha·
1214 1374 1291 1430 cer,
1323 1356 1397 1438 quia
1417 1353 1471 1417 hic
1493 1351 1575 1415 deus
1596 1351 1830 1429 astutissimus,
1860 1349 1968 1413 idem·

408 1456 468 1521 hes
498 1456 532 1519 in
563 1454 628 1517 hoc
657 1456 845 1539 Apollinem
874 1457 1040 1519 Milesium
1070 1457 1158 1518 inter
1214 1475 1279 1539 qne
1304 1454 1570 1539 vigilantissimus
1595 1466 1656 1518 eat.
1688 1451 1843 1522 Caninam
1865 1452 1966 1517 amu
2059 1534 2064 1546 ι

409 1558 489 1621 duaa
520 1556 774 1638 Smyrnaeorum
809 1558 976 1621 Nemeaeu
1008 1571 1158 1623 stantem.
1214 1557 1333 1621 faciem
1361 1556 1540 1639 adsumpsit
1560 1556 1764 1632 Mercurius,
1793 1568 1829 1618 ut
1858 1554 1969 1619 refert

409 1662 539 1724 Horum
568 1658 744 1741 imaginem
773 1659 959 1737 numinum,
990 1659 1097 1744 qualia
1123 1658 1157 1720 in
1215 1660 1379 1725 Lucienus
1393 1656 1444 1741 b),
1463 1656 1663 1721 dissimulata
1679 1668 1790 1720 tamen
1805 1656 1878 1741 ejus
1893 1676 1969 1721 cau·

409 1773 585 1847 praesente
619 1779 719 1820 numo
754 1774 998 1843 proponuntur,
1036 1761 1160 1825 dabunt
1216 1782 1268 1837 ss,
1298 1780 1341 1823 ne
1362 1780 1454 1823 sacra
1475 1759 1653 1825 revelaret.
1693 1757 1884 1823 Secundum
1904 1756 1971 1823 Ae·

409 1863 471 1926 tihi
492 1862 639 1925 sexcenti
663 1862 841 1944 Smyrnae,
870 1862 997 1939 Mileti,
1027 1876 1061 1927 et
1089 1883 1161 1946 pas·
1196 1862 1360 1948 ·gyptiam
1395 1860 1492 1944 hujus
1530 1860 1601 1925 aori
1636 1860 1840 1943 theologiam
1870 1860 1970 1924 latra-

410 1968 471 2030 oim
504 1962 630 2047 cogniti
661 1962 857 2025 concordiae
886 1964 988 2030 numi.
1033 1964 1158 2031 Verum
1215 1977 1270 2029 tor
1299 1963 1425 2027 Anuhis
1459 1962 1548 2027 idem
1581 1961 1645 2044 init
1672 1982 1749 2027 cum
1780 1960 1972 2037 Mercurio,

412 2064 492 2152 quid
526 2063 758 2130 Alexandrinis
796 2085 871 2129 eum
910 2065 961 2127 his
998 2066 1161 2147 Smyrnae
1217 2088 1279 2153 qna
1310 2064 1354 2128 de
1385 2085 1484 2129 cansa
1510 2064 1635 2135 Auchis
1670 2068 1706 2127 in
1745 2065 1971 2128 monumentis

411 2167 620 2233 numinibast
663 2166 747 2248 Ajo,
786 2165 896 2243 idem,
932 2167 1021 2251 qnod
1050 2168 1161 2251 Ephe·
1217 2167 1426 2252 nequioribus
1440 2168 1619 2235 caduceum
1636 2167 1835 2253 plerumque
1849 2180 1970 2251 gestat.

413 2270 469 2331 siis
498 2289 583 2331 cnm·
602 2270 679 2332 lore
709 2268 912 2345 Laodiceae,
943 2266 1032 2352 quod
1058 2270 1161 2352 Phry·
1216 2272 1354 2335 Causam
1372 2270 1426 2333 dat
1443 2270 1580 2335 Servius
1597 2289 1673 2333 cum
1691 2268 1871 2333 Plutarcho
1893 2268 1972 2333 iere

414 2372 508 2455 gibus
537 2390 611 2433 cum
640 2370 742 2431 Disna
770 2370 913 2452 Ephesia
941 2384 1004 2435 etc.
1037 2372 1099 2433 Dii
1126 2373 1160 2433 in
1211 2372 1305 2438 idern
1327 2373 1472 2437 centiens
1496 2372 1546 2454 ⁰),
1577 2376 1675 2453 quia,
1703 2369 1829 2457 inquit,
1859 2374 1974 2454 capite

357 2498 366 2505 ¹
413 2456 553 2533 moneta
582 2466 760 2534 domestica
790 2470 962 2553 peregrini
990 2486 1045 2535 sut
1073 2492 1161 2536 com·
1217 2478 1338 2539 canino
1354 2476 1529 2558 pingitur,
1549 2474 1639 2536 dunc
1653 2474 1771 2537 uolunt
1786 2495 1861 2539 erre
1878 2474 1972 2539 Mer·
2076 2496 2082 2502 ·
2137 2525 2138 2534 ,

414 2572 600 2635 munionem
633 2590 820 2649 sacrorum,
861 2585 916 2634 aut
944 2574 1056 2635 initam
1086 2596 1160 2638 cum
1199 2564 1364 2652 curium,
1386 2579 1476 2652 idco,
1500 2578 1583 2653 orsio
1601 2574 1692 2637 nihil
1702 2586 1757 2638 rat
1771 2596 1856 2639 certe
1872 2593 1972 2656 sagn·

414 2694 477 2737 una
503 2672 693 2758 pluribusve
722 2671 866 2738 urbibus.
885 2676 1092 2740 concordiem
1113 2677 1161 2738 in·
1218 2682 1303 2742 cius.
1329 2679 1375 2740 At
1392 2698 1452 2741 cur
1468 2675 1686 2740 Alexandrini
1702 2675 1866 2743 sinistram
1881 2678 1974 2739 Her·

415 2776 535 2841 dicant.
566 2774 698 2838 Foedus
716 2772 947 2839 Alexandrinis
969 2797 1043 2841 cum
1062 2778 1161 2841 Asino
1218 2780 1302 2844 curii
1319 2800 1450 2842 manum
1471 2800 1564 2843 ramo
1586 2779 1731 2865 oblongo
1752 2779 1974 2843 instruxerint

414 2877 549 2941 urhihus
565 2874 809 2954 intercessisse,
824 2875 945 2941 docent
960 2898 1037 2942 sans
1052 2879 1164 2963 Ephe·
1218 2902 1284 2946 non
1305 2882 1340 2943 in
1361 2882 1425 2944 hoc
1446 2880 1546 2945 modo
1565 2902 1685 2960 numo,
1712 2880 1773 2946 sed
1795 2881 1886 2945 etin
1906 2880 1974 2944 ire·

416 2978 538 3041 riorum
560 2993 594 3041 et
613 2979 795 3042 Samiorum
814 2979 922 3057 nami,
949 3000 1089 3065 qnorum
1112 2981 1163 3046 illi
1209 2981 1392 3067 urentibus
1405 2984 1882 3071 sequentinmimyeratornm,
1903 3001 1973 3046 non

417 3079 602 3142 Caracallus
641 3093 747 3143 aetate
784 3080 903 3164 signati
938 3081 1162 3147 inscribuntur
1218 3104 1322 3168 aeque
1337 3085 1418 3147 mihi
1434 3097 1651 3171 compertum.

415 3177 607 3245 KOINON.
647 3177 877 3245 ΕΦΕΟῙΩΝ.
914 3181 1007 3247 ΚΑΙ.
1032 3180 1175 3245 ·ΑΛΕ··

416 3277 687 3345 ΞΑΝΔΡΕΩΝ.
713 3296 807 3347 sueto
831 3280 983 3347 ludorum
1010 3296 1102 3367 typo:
1128 3284 1163 3345 hi

417 3380 584 3445 Gordiano
600 3382 782 3465 imperante
799 3382 1164 3469 signati:·chtttN.
1207 3368 1213 3383 ’
1277 3389 1404 3455 Isim.
1425 3394 1565 3455 Perseus
1577 3393 1816 3475 chlamydatus
1825 3412 1906 3456 cunt
1914 3409 1975 3473 gc

416 3481 509 3546 ΚΑΙ.
539 3478 907 3549 ΑΛΕΞΑΝΔΡΕΩΝ.
932 3484 1162 3549 OMONOIA.
1217 3492 1276 3553 dea
1290 3512 1426 3555 recurvo
1442 3496 1477 3557 d.
1494 3494 1748 3579 tenenafatcam
1763 3494 1902 3555 humero
1919 3512 1976 3572 np-

417 3598 496 3667 typo
523 3582 617 3645 laidis
647 3602 720 3645 oum
748 3585 824 3648 relo
851 3586 973 3652 stantis.
1005 3586 1164 3680 Quorum
1213 3594 1398 3675 plicatam,
1424 3597 1599 3657 sinistram
1615 3599 1764 3676 porrigit
1781 3596 1978 3657 Androme-

418 3684 573 3765 excmplo
598 3703 772 3745 numornm
793 3686 821 3748 si
842 3686 964 3771 lingas,
993 3690 1090 3764 huic,
1121 3689 1163 3751 dc
1220 3696 1284 3755 dae
1300 3697 1340 3756 de
1354 3716 1435 3775 rupe
1449 3697 1670 3759 descendenti.
1692 3696 1761 3759 ΑΕ.
1772 3698 1799 3761 14
1817 3696 1976 3778 (affige)

420 3804 484 3867 quo
521 3782 664 3864 agimus,
702 3785 913 3870 inscriptum:
959 3787 1164 3853 ΑΛΕΞΑΝ·
1274 3794 1324 3871 [11.
1340 3793 1380 3857 Z.
1415 3796 1564 3878 Orpheus
1581 3801 1699 3862 sedens
1713 3802 1850 3863 cithera
1869 3800 1977 3872 currit,

420 3880 596 3948 ΔΡΕΩΝ.
635 3880 898 3955 ΜῙΛΗΟΙΩΝ.
934 3884 1166 3953 cM'rPan·
1222 3898 1418 3956 circumstet
1435 3900 1660 3963 animantium
1678 3902 1875 3964 multitudo.
1903 3898 1976 3961 ΑΕ.

270 4016 283 4029 -
420 3980 1165 4062 ttN.0MON01n.,hebesconcordtm
1215 3996 1422 4081 ·1.(zoega‚=)
1491 4034 1495 4041 ·

420 4086 507 4147 inter
535 4086 636 4149 urbes
663 4099 731 4149 tres
758 4086 818 4152 hac
843 4104 948 4157 aetate
974 4092 1007 4155 in
1035 4092 1165 4157 urbium
1284 4098 1403 4159 Refert
1416 4100 1591 4163 Pausanias
1606 4102 1658 4183 d),
1679 4102 1813 4167 stetisse
1829 4101 1865 4164 iu
1882 4102 1979 4167 Heli·

386 4266 395 4279 .
421 4184 528 4249 numis
550 4187 687 4251 obviam.
893 4210 903 4218 ·
1031 4226 1038 4236 ·
1213 4200 1307 4260 2cone'
1329 4199 1456 4291 Orphei
1482 4202 1610 4284 signum
1635 4204 1840 4268 inferarum
1864 4202 1978 4267 medio

780 4358 800 4395 4
1213 4300 1385 4378 canentis,
1428 4301 1616 4368 adstitntam
1637 4320 1831 4396 ‘praetcrea
1873 4302 1980 4369 luisse

673 4402 699 4440 ·*
879 4406 904 4443 ’ὓ
1214 4400 1396 4485 imaginem
1425 4403 1582 4482 Tshsrnr,
1615 4408 1851 4485 initiationis,
1884 4407 1981 4490 cujus

481 4487 526 4553 L.
543 4477 588 4551 H.
611 4492 801 4558 Mercurius
817 4509 913 4559 stans
928 4500 964 4560 in
982 4502 1102 4580 templo
1118 4502 1167 4564 di·
1213 4524 1340 4588 nempe
1376 4520 1490 4571 auctor
1521 4507 1669 4576 creditus
1697 4508 1893 4591 Orpheus.'
1918 4510 1982 4572 Est

421 4588 510 4668 stylo
524 4590 559 4665 ,d
574 4592 768 4671 caduceum,
790 4618 816 4658 s.
831 4616 959 4660 romum
979 4604 1165 4685 oblongum,
1214 4626 1303 4669 nero
1330 4607 1429 4671 etiam
1456 4607 1597 4693 Orpheo
1628 4630 1705 4673 cnm
1735 4612 1893 4697 Aegypto
1923 4632 1983 4675 ne·

972 4724 980 4734 .
1198 4730 1202 4737 .

452 4808 751 4875 ,synetsnoun
826 4819 1077 4889 annutans.
1152 4836 1178 4902 ς
1203 4805 1503 4905 reassumam.
1572 4834 1833 4907 cyrnaeas
