4292 5467
421 627 490 692 25,ss
1062 597 1254 679 carvr
1291 567 1333 674 11.

420 797 599 862 eponymos
623 778 663 857 ι).
693 771 826 851 Credo,
857 773 961 837 sirum
984 769 1166 850 eruditum,
1223 755 1321 836 Asiia
1344 770 1474 835 nomine
1493 771 1546 856 agi
1564 769 1687 848 solitis,
1712 769 1884 855 nequead
1908 790 1960 834 eos

420 893 456 943 ut
471 881 519 943 sic
534 876 687 952 sentiret,
705 894 747 938 eo
761 876 861 939 inisse
875 876 1061 958 impulsum,
1078 875 1167 961 quod
1222 875 1349 960 privata
1386 874 1551 939 civitatum
1587 873 1719 957 negotia
1757 875 1960 957 pertinuere,

420 1001 501 1044 cum·
518 978 740 1064 compluribus
768 979 839 1040 aliia
867 976 1072 1054 crediderat,
1096 997 1169 1061 pan·
1223 973 1266 1040 de
1293 995 1427 1062 quarum
1455 989 1563 1044 umen
1590 975 1779 1059 magistratu
1807 991 1962 1059 eponymo

400 1062 553 1145 'ticulum
581 1075 664 1143 ΕΠΙ
696 1080 942 1163 magistratuum
980 1079 1166 1144 nominibus
1222 1078 1439 1143 feretratum
1462 1079 1641 1162 quaeritur.
1680 1077 1764 1140 Sane
1786 1097 1859 1162 ,quo
1888 1091 1963 1140 tem-

419 1183 636 1269 praepositam
675 1196 800 1246 oenum
844 1202 918 1261 esse
959 1181 1165 1264 magistratus
1223 1199 1308 1264 pore
1338 1179 1478 1242 manime
1504 1180 1538 1241 in
1571 1179 1649 1242 Asia
1680 1179 1830 1242 valebant
1859 1177 1963 1241 Asiar-

419 1287 571 1370 eponymi
604 1281 776 1346 indicium.
806 1282 914 1376 ¹Quae
947 1282 1080 1368 quidem
1103 1285 1166 1348 iet
1224 1278 1323 1358 chae,
1349 1280 1547 1365 Pergameni
1568 1293 1603 1344 et
1625 1279 1809 1361 Smyrnaei,
1838 1280 1964 1364 utrique

419 1409 515 1473 quam
537 1389 580 1450 sit
600 1385 720 1462 faiiax,
750 1404 887 1449 necesse
914 1397 983 1460 est,
1013 1385 1163 1448 nonnihil
1221 1381 1255 1443 in
1285 1380 1398 1444 eadem
1425 1383 1502 1447 Asia
1530 1381 1608 1456 siti,
1630 1381 1781 1464 proprios
1810 1399 1888 1444 suos
1916 1381 1967 1443 ita·

419 1490 584 1576 copiosius
601 1487 828 1572 comprobare.
859 1485 1003 1549 Dubium
1019 1505 1086 1550 non
1102 1499 1163 1562 eat,
1221 1482 1325 1546 haere
1347 1503 1543 1570 eponymos,
1575 1484 1625 1546 illi
1647 1496 1817 1566 prytanes,
1847 1480 1883 1544 hi
1904 1495 1963 1545 ste·

418 1591 620 1674 magistratui
656 1608 818 1671 eponyrno
841 1587 957 1653 ‚fuisse
981 1587 1162 1672 praefixum
1219 1585 1467 1668 phanephoros,
1484 1598 1520 1650 ut
1535 1585 1685 1649 diximus.
1707 1585 1887 1648 Enimvero
1904 1583 1964 1665 jam

416 1690 519 1768 Ente
542 1713 620 1755 nam
650 1691 769 1774 passim
799 1691 947 1773 reperies
975 1688 1164 1774 apud-Dio·
1219 1685 1380 1758 Vandalis
1405 1684 1457 1770 b),
1496 1699 1531 1750 et
1565 1688 1698 1771 Cupero
1720 1691 1749 1767 c)
1786 1706 1853 1749 non
1891 1688 1964 1749 satis

417 1795 552 1870 dorum,
588 1793 754 1878 aliosque,
786 1791 907 1855 iactum
938 1790 1004 1854 hoe
1037 1791 1161 1855 illudve
1218 1789 1399 1852 uerisimile
1420 1790 1557 1866 'sisum,
1598 1787 1829 1874 agonothetas,
1870 1806 1965 1870 pare·

417 1896 519 1959 inisse
541 1917 568 1958 r.
587 1916 618 1978 g.
636 1892 682 1958 ἐπ’
700 1893 847 1978 ἀρχοηος
860 1895 1007 1978 ASsyryre
1029 1889 1163 1956 Ξανθιπ-
1219 1891 1424 1974 gyriarehns,
1448 1890 1621 1956 Asiarchae
1644 1902 1707 1953 etc.
1728 1909 1823 1954 causa
1849 1889 1963 1951 horum

415 2021 475 2075 ns,
507 1999 665 2058 archonte
692 1996 841 2058 Athenis
868 1995 1076 2076 Xanthippo.
1118 1993 1163 2054 At
1219 2013 1392 2056 munerum
1421 1992 1523 2056 fuisse
1547 1993 1751 2076 magistratus
1774 2011 1961 2076 eponymcs.

415 2112 543 2163 eertum
571 2113 623 2162 est
649 2097 765 2174 etiam,
798 2115 864 2160 non
890 2095 968 2160 solis
993 2097 1163 2178 eponymis
1219 2097 1263 2154 At
1294 2114 1367 2156 curn
1397 2093 1576 2178 praefixum
1602 2115 1702 2178 saepe
1730 2093 1781 2157 his
1805 2093 1966 2178 dignitati·

416 2221 487 2263 eam
513 2200 614 2264 inisse
638 2199 830 2284 praefixam.
859 2199 937 2260 Dixi
959 2219 1076 2282 snpra,
1099 2219 1163 2262 mn·
1218 2193 1279 2256 bus
1301 2193 1386 2258 tet-11
1407 2197 1576 2272 riderent,
1607 2194 1696 2280 quod
1724 2195 1791 2258 iiiia
1818 2196 1899 2258 item
1926 2199 1966 2258 si·

415 2307 605 2388 gistratum,
631 2303 687 2388 qni
708 2321 828 2365 annam
853 2299 986 2364 nomine
1007 2302 1162 2384 signaret,
1218 2295 1376 2379 gniiicarc
1402 2302 1624 2382 magistratum
1652 2297 1966 2381 epouymnmride·

417 2425 490 2467 esse
514 2404 665 2468 debuisse
682 2423 833 2466 annuum.
866 2405 991 2466 Tamen
1014 2401 1162 2465 videmus
1218 2397 1330 2474 batur,
1356 2399 1508 2484 inspienti
1531 2413 1622 2475 sunt,
1653 2399 1773 2464 omissa
1796 2399 1831 2460 in
1860 2400 1965 2462 rumis

416 2505 596 2590 praefixum
613 2501 694 2565 El'li
710 2505 882 2579 etiamiis,
909 2504 964 2588 qni
983 2503 1161 2566 annuinon
1218 2501 1350 2564 nomina
1385 2500 1551 2586 ἄρχοντας,
1591 2503 1644 2566 rel
1683 2523 1842 2585 (caenys,
1884 2521 1965 2584 quae

153 2610 157 2620 '
288 2673 291 2680 ,
414 2607 528 2675 fuere,
559 2625 667 2686 neque
690 2605 775 2669 adeo
798 2607 951 2688 eponymi
975 2625 1048 2668 esse
1071 2618 1163 2687 pote·
1218 2621 1353 2666 munera
1376 2625 1536 2687 eponyrna
1558 2619 1625 2668 tum
1648 2605 1683 2666 hi
1703 2603 1765 2688 ipsi
1786 2605 1965 2686 agonothe-

414 2722 497 2769 rant.
521 2706 627 2770 Obria
641 2721 718 2770 sunt
728 2707 761 2768 in
776 2707 882 2768 numia
897 2707 1090 2770 Antiochiae
1105 2706 1161 2788 Sy
1218 2718 1288 2780 tae,
1323 2705 1499 2770 Asiarchae
1531 2719 1592 2772 stc.
1624 2727 1687 2770 utta
1708 2705 1865 2784 obicere.
1907 2707 1968 2766 Di-

414 2829 503 2872 rraet
525 2803 893 2872 Etitorat’or-
909 2805 1004 2870 El'll.
1024 2801 1162 2869 zitta-
1217 2807 1336 2869 sertius
1348 2806 1436 2870 istud
1445 2806 1622 2875 Vandalins
1637 2797 1701 2872 alio
1716 2807 1791 2872 loco
1805 2805 1905 2871 docet
1921 2809 1963 2889 d).

413 2904 522 2973 NOT.
546 2925 610 2974 ete.
636 2929 720 2995 quae
738 2922 813 2972 sunt
830 2910 1160 2994 nominadegatorum
1217 2911 1329 2992 Agens
1350 2910 1439 2978 enirn
1461 2909 1504 2972 de
1525 2931 1644 2980 mmo:
1669 2906 1763 2978 ern.
1786 2910 1966 2995 CTpornpa

413 3012 553 3095 Augusti
578 3025 809 3095 propraetore,
832 3011 889 3096 qni
910 3012 1063 3095 eponymi
1086 3031 1159 3076 essa
1218 3007 1334 3072 ΔΑΜ.
1352 3007 1520 3094 ΑΟΙΑΡ.,
1543 3009 1647 3075 addit:
1683 3011 1758 3094 Quo
1772 3019 1861 3074 sotir
1878 3015 1965 3075 clere

412 3134 478 3177 nou
496 3127 675 3198 poterant,
693 3115 767 3200 quia
790 3133 907 3176 eornm
932 3114 966 3174 in
989 3114 1083 3195 Syria
1097 3099 1190 3178 'ans
1217 3115 1406 3190 indicatur,
1433 3117 1578 3178 Domum
1599 3119 1701 3180 istum
1715 3109 1870 3196 inerepas
1895 3119 1964 3194 qui-

411 3237 511 3278 nuum
540 3217 713 3301 imperium
738 3234 805 3279 non
827 3215 908 3292 fuit,
933 3215 1012 3301 quin
1033 3229 1160 3280 constat
1217 3215 1288 3276 dem
1296 3216 1429 3295 fnisse,
1445 3231 1606 3294 protenus
1623 3229 1696 3280 eret
1716 3237 1891 3300 ςρατηεγος,
1909 3221 1967 3278 red

414 3321 510 3382 etiam
527 3339 572 3383 ex
585 3318 766 3402 adscriptis
790 3319 938 3400 epochae
957 3319 1069 3396 runis,
1098 3321 1162 3388 tVa·
1218 3337 1283 3378 non
1301 3328 1465 3395 quotenus
1481 3321 1664 3380 Asioreia.
1686 3321 1766 3381 Mox
1783 3318 1867 3380 iufra
1883 3319 1966 3382 reci·

411 3439 485 3483 rum
510 3435 548 3483 et
577 3422 723 3484 Silanum
747 3420 866 3503 Syriae
893 3419 928 3482 in
950 3421 1010 3485 111.
1040 3441 1159 3484 annum
1215 3429 1283 3479 tato
1315 3439 1414 3480 numo
1446 3417 1701 3500 Smyrnaeorum
1732 3441 1804 3483 eum
1834 3423 1964 3504 epigra-

411 3521 604 3606 praeiuisse.
640 3526 677 3584 in
700 3524 805 3585 nnmis
826 3521 965 3585 Hicetas
987 3523 1158 3604 Syracusa·
1215 3518 1299 3600 phe:
1329 3515 1406 3580 ΕΠ.
1427 3517 1591 3586 ΠΟΛΛΙ.
1614 3519 1861 3600 ΑΝΘΤπατι,
1887 3525 1965 3586 Pol·

411 3645 485 3686 rum
525 3626 652 3707 tyranni
691 3627 833 3710 legitur:
877 3621 970 3686 Essl.
1002 3625 1157 3692 ΙΚΕΤΑ,
1215 3619 1338 3684 lienem
1368 3621 1472 3702 hunc,
1500 3624 1621 3708 inquit,
1651 3623 1728 3687 dum
1755 3639 1845 3690 esset
1868 3627 1964 3688 Asiae

412 3727 510 3812 tttqni
540 3745 719 3808 eponymus
748 3727 802 3788 hic
831 3745 905 3788 esse
933 3745 1001 3786 non
1030 3728 1155 3809 potuit,
1211 3723 1407 3808 proconsul,
1438 3724 1534 3786 simul
1565 3726 1700 3798 horona
1729 3748 1824 3792 cansa
1849 3729 1965 3809 Smyr-

410 3848 484 3890 eum
502 3827 666 3911 quodne·
684 3827 966 3909 sanissimperium
985 3827 1154 3909 Syracusis
1209 3843 1367 3888 nasorum
1396 3823 1496 3890 fuisse
1525 3847 1692 3914 ςρατηιγω.
1731 3831 1847 3913 Neque
1876 3831 1961 3893 enim

407 3929 566 4004 obtinuit,
581 3941 650 3989 tum
665 3929 755 4012 quod
774 3928 846 4010 ejus
867 3942 972 3991 aetate
991 3928 1157 4011 magistra-
1212 3925 1275 3989 sibi
1290 3925 1447 3990 dedecori
1460 3927 1592 3994 duxisse
1606 3931 1841 4015 proconsules,
1859 3935 1885 3994 si
1902 3954 1963 3995 una

408 4045 684 4114 tumsponyrnum
700 4032 733 4090 in
749 4027 1155 4114 haeurbe-fuuseamphi·
1213 4041 1324 4092 went
1358 4023 1502 4116 anmmyia
1540 4034 1703 4098 civitatum
1740 4035 1964 4125 magistratus,

409 4134 521 4214 poium
539 4153 637 4218 supra
650 4131 1024 4196 ex·Diodoro-ridimua.
1046 4134 1153 4217 Scope
1213 4151 1286 4194 oens
1314 4145 1347 4194 et
1369 4131 1553 4198 Hadrianus
1579 4136 1644 4218 jam
1660 4137 1827 4222 Angustus
1855 4151 1963 4198 tamen

409 4234 729 4321 Asiarehimquoque
753 4235 966 4319 praeponitur
978 4231 1073 4299 Em.
1100 4250 1152 4298 ut:
1212 4232 1336 4297 archon
1350 4233 1600 4300 Atheniensium
1620 4258 1695 4301 esse
1716 4239 1870 4302 voluerit.
1903 4243 1963 4299 His

405 4331 1015 4418 ent..TePT10r.a01APx0T.;
1036 4357 1152 4402 verum
1203 4353 1293 4417 ergo
1310 4329 1512 4418 argumentis
1533 4339 1597 4401 riri
1621 4341 1742 4404 eruditi
1765 4363 1963 4422 eponymum

404 4435 443 4496 iri
471 4438 604 4519 proprie
627 4437 780 4521 eponymi
801 4458 876 4501 esse
889 4456 963 4501 non
984 4451 1153 4521 poterant,
1210 4458 1302 4500 suum
1317 4441 1401 4506 Em
1416 4441 1524 4506 conati
1539 4455 1615 4505 sunt
1633 4443 1789 4524 stabilire.
1813 4446 1857 4504 At
1875 4445 1961 4505 enirn

405 4537 482 4617 quia
510 4557 626 4601 eorum
656 4561 772 4602 munus
803 4553 923 4603 tuntum
951 4533 1031 4616 init,
1060 4561 1154 4624 prae·
1209 4545 1237 4606 si
1264 4565 1342 4609 rers
1361 4545 1451 4616 dtaec
1473 4557 1568 4620 snut,
1601 4525 1749 4626 accesso,
1772 4547 1870 4612 etium
1899 4549 1964 4610 erit

409 4657 481 4699 ease
502 4639 593 4703 iestis
610 4641 749 4706 arladis
773 4642 937 4706 communi
955 4643 1150 4726 provinciae
1201 4661 1369 4727 statuere,
1399 4643 1516 4716 omuei
1538 4649 1653 4732 Syriae
1681 4648 1830 4732 legatos,
1869 4651 1963 4714 ΜΗΘ

428 4789 1966 4818 ·-·---—-———-——--·------—-----.-—.-.-....-.

404 4852 472 5006 (Dap
492 4845 567 4902 B.L.
582 4849 783 5000 TemanVill.
795 4855 881 4910 Mem.
892 4875 922 4931 p·
935 4867 993 4916 152.
1111 4857 1144 4917 bi
1165 4858 1310 4918 direvtl.
1329 4884 1354 4918 c.
1365 4875 1389 4922 2.
1403 4883 1433 4937 p-
1444 4881 1481 4918 m.
1494 4871 1555 4924 548.
1669 4873 1697 4936 c)
1719 4865 1843 4922 Lettres.
1855 4889 1887 4943 p.
1899 4823 1965 4940 n93.

474 4957 518 4994 .e.
535 4955 566 5011 p.
576 4955 614 4992 m.
634 4949 650 4997 5
689 4979 697 4994 .
1507 4971 1512 4980 ·
1641 4969 1649 4985 ι
