4292 5467
478 627 548 707 186
1070 617 1429 696 PRAEFATIO.

472 797 751 884 monumentis
770 795 950 910 puhlicis
971 797 1162 910 insenrit,
1187 813 1278 884 ttun
1296 813 1337 885 et
1356 797 1685 885 commemoratis
1706 794 1954 901 honoribus,
1977 804 2020 877 et

470 938 610 1041 cultu,
642 965 724 1048 quo
749 939 873 1022 urbes
900 938 1254 1022 Graecae-heroes
1290 967 1407 1046 suos,
1438 940 1752 1052 conditoresque
1775 957 1923 1044 ornare
1947 961 2021 1048 pu·

470 1073 600 1183 blice,
630 1088 673 1158 et
694 1076 933 1189 praedicare
957 1091 1272 1164 consueverunt

625 1211 738 1296 Haec
760 1227 804 1300 et
824 1214 1006 1321 similia„
1024 1213 1135 1329 quod
1151 1215 1367 1330 reliquum
1391 1227 1454 1301 est
1476 1215 1600 1332 hujus
1625 1211 1866 1321 voluminiS,
1896 1237 2017 1295 omne

471 1348 792 1461 complectetur,
818 1381 900 1465 quo
918 1352 1099 1465 perlecto
1118 1352 1237 1436 facile
1255 1355 1345 1468 quis
1364 1354 1586 1468 intelliget,
1608 1349 1928 1435 commentarios
1946 1347 2019 1432 hos

472 1515 555 1570 non
575 1487 700 1570 modo
722 1489 934 1573 continere
953 1488 1229 1574 emditionem
1249 1492 1336 1608 ejus
1356 1490 1535 1605 generis,
1558 1515 1781 1603 quaecum
1798 1514 1845 1570 re
1863 1488 2020 1572 numis-

472 1622 626 1707 matica
650 1623 839 1735 proxime
870 1627 1151 1733 connectitur,
1201 1629 1273 1714 sed
1311 1643 1352 1715 et
1382 1629 1515 1714 varias
1550 1623 1712 1711 amoliri
1749 1625 2020 1734 difficultates,

472 1787 581 1872 quae
599 1787 862 1874 progressum
879 1763 924 1849 in
940 1764 1286 1878 praestantissima
1301 1766 1381 1851 hac
1402 1780 1491 1852 arte
1509 1765 1634 1878 urlgo
1654 1765 1788 1853 solent
1808 1763 2019 1876 impedire.

469 1895 636 1981 Eodem
659 1901 759 1984 olim
783 1901 1225 1987 consilioraillanrius·
1238 1933 1405 2021 quoque
1427 1902 1546 2026 operi.
1566 1928 1664 2010 suo,
1702 1931 1785 2016 quo
1804 1902 2024 2014 imperato-

471 2035 555 2118 rios
572 2039 830 2124 Graecorum
849 2071 998 2126 numos
1014 2043 1060 2128 in
1078 2070 1211 2128 unum
1228 2043 1425 2151 contulit,
1449 2040 1599 2154 adjecit
1613 2040 1795 2153 prolixos
1813 2067 2023 2126 commen·

472 2173 619 2280 tarios,
646 2175 693 2257 in
712 2177 863 2287 quihus
881 2208 1066 2293 sparsam
1087 2179 1380 2294 disjectamque
1404 2206 1478 2292 per
1504 2192 1640 2264 toturn
1667 2207 1771 2291 opus
1794 2177 1937 2262 variae
1962 2177 2022 2262 in·

471 2307 578 2393 dolis
598 2314 813 2397 materiem
829 2319 1059 2426 revocarit,
1078 2333 1122 2405 et
1140 2319 1185 2405 in
1200 2332 1333 2404 certas
1357 2317 1505 2410 classes
1530 2315 1760 2425 distribuit,
1783 2313 2021 2428 explicavit·
2106 2361 2107 2372 κ

474 2473 567 2558 que.
592 2447 749 2536 Verum
764 2453 896 2537 multa
915 2454 950 2538 is
974 2455 1177 2569 neglexit,
1203 2457 1299 2570 quia
1317 2455 1371 2540 arl
1389 2453 1625 2539 institutum
1645 2481 1770 2537 suum
1794 2482 1881 2536 non
1899 2453 2022 2565 perti-
2106 2449 2107 2536 l

471 2609 627 2692 nuere,
660 2586 795 2672 multo
814 2589 860 2672 in
878 2588 929 2674 iis
950 2587 1070 2703 plura
1100 2592 1358 2707 corrigenda,
1391 2619 1499 2706 quae
1522 2591 1704 2699 auctior,
1742 2589 2024 2702 sinceriorque
2106 2671 2107 2679 Ν

370 2750 375 2761 ’
473 2733 614 2805 nostra
637 2720 718 2806 hac
742 2738 879 2812 aetate
902 2754 1129 2815 numorum
1150 2743 1340 2830 veterum
1365 2729 1551 2844 supellex
1570 2728 1802 2816 aliteresse
1822 2727 2024 2840 capienda

468 2857 612 2969 palam
633 2859 819 2974 imperat

632 3003 751 3111 Quae
766 2999 850 3093 sint
863 3003 1002 3088 variae
1020 3018 1179 3118 partes,
1200 3003 1351 3120 quibus
1369 3006 1587 3092 universus
1605 3003 1674 3087 hic
1693 3015 1894 3089 tractatus
1914 3031 2026 3088 corn-

472 3132 662 3243 ponitur,
681 3133 880 3223 indicatas
895 3141 1076 3254 reperies
1099 3144 1145 3230 in
1163 3156 1406 3258 conspectu,
1432 3171 1558 3258 quem
1578 3140 1780 3256 principio
1790 3139 1929 3255 nujus
1954 3169 2027 3225 vo-

464 3268 642 3358 luminis
665 3270 728 3359 lv.
742 3279 1024 3388 ,praefuimus
2036 3301 2043 3306 ·
