4292 5467
750 592 1139 671 CYRENAICA..
1638 622 1707 688 123

165 776 239 841 not,
264 766 461 831 existimarit
482 770 651 854 Begcrot,
673 765 796 831 soBA.
821 766 911 827 numi
970 779 1037 829 scat
1059 769 1101 850 ⁰).
1151 771 1305 832 Ceterum
1342 770 1404 834 hoa
1435 790 1564 857 quoquc
1598 794 1715 836 numos

162 868 234 943 sui,
258 888 358 952 qocm
375 871 452 934 loco
466 873 538 939 vlt.
561 870 741 955 descripsi,
762 886 797 931 et
816 868 913 931 adsti·
970 886 1056 930 stunc
1075 869 1194 952 passim
1216 892 1258 933 ex
1278 869 1395 933 iisdem
1416 873 1537 951 causis,
1560 897 1637 958 quas
1661 898 1716 937 an·

147 980 267 1031 'tutum
297 986 394 1054 caput
423 972 568 1055 juvenile
597 972 747 1035 iudicare
770 972 911 1033 Battum
969 980 1021 1031 toa
1043 968 1182 1049 dictavi,
1203 974 1400 1056 Cyrenaicos
1417 992 1489 1038 esse
1510 976 1715 1059 suspicantur

159 1069 220 1135 tv.
254 1070 400 1154 Cyrenes
429 1094 569 1157 regem,
601 1086 635 1141 ct
671 1096 708 1135 ro
740 1072 773 1135 K
810 1071 910 1155 partis
970 1070 1117 1149 eruditi,
1151 1075 1297 1157 quamvis
1330 1077 1484 1158 spectatis
1512 1078 1595 1159 typis
1631 1078 1713 1139 nihil

159 1192 297 1235 aversae
320 1194 395 1239 csse
416 1173 546 1239 literam
571 1172 742 1259 ἆρχαιυσαν
759 1171 910 1241 vocabuli
967 1170 1114 1235 habeant
1136 1175 1326 1259 Cyrenaici,
1362 1190 1427 1239 taur
1456 1199 1572 1261 parum
1606 1198 1643 1243 ao
1677 1182 1712 1253 ii,

156 1272 345 1351 Kogamos.
388 1276 433 1337 At
460 1296 540 1339 vero
574 1275 663 1339 idens
690 1271 783 1354 Bu,
811 1289 848 1339 ut
875 1275 910 1338 in
967 1272 1023 1354 qui
1042 1271 1150 1340 Eua,
1180 1276 1424 1357 inscribuntur,
1456 1294 1493 1343 ut
1514 1277 1596 1343 adeo
1625 1282 1713 1343 istud

162 1372 340 1459 descriptis
372 1374 473 1438 niodo
502 1364 921 1459 nomiaridimusspoui*
966 1392 1140 1436 annnorum
1172 1396 1277 1460 genos
1296 1380 1371 1464 plus
1395 1379 1501 1444 adhuc
1520 1382 1602 1468 ¹lucis
1626 1380 1712 1445 desi·

161 1488 218 1537 tur
240 1476 338 1539 etiam
357 1474 551 1561 frequenter
571 1476 660 1559 jpxtu
683 1490 778 1561 caput
796 1476 911 1540 muliu-
967 1472 1075 1539 deret.

162 1575 248 1653 bro,
277 1590 311 1640 et
334 1577 368 1638 in
390 1576 489 1641 simili
509 1598 599 1639 noua.
620 1576 709 1642 xm.
735 1592 786 1641 cst
807 1576 909 1655 BIA,
1030 1575 1210 1670 Quaeritur
1232 1576 1396 1663 denique,
1428 1581 1500 1666 quis
1529 1584 1570 1645 sit
1595 1605 1708 1649 sensus

160 1678 198 1739 in
219 1678 293 1741 aliis
317 1699 378 1763 pro
402 1679 435 1740 K
456 1680 564 1741 variae
588 1690 662 1740 suut
685 1679 803 1743 literae
825 1678 907 1743 aliae
964 1678 1198 1741 vocabulorum
1212 1675 1321 1743 ΕΤΑ.
1344 1695 1378 1743 et
1394 1679 1465 1746 ΒΑ.
1484 1683 1516 1743 in
1535 1684 1585 1747 his
1602 1689 1709 1747 numia

159 1794 197 1843 ct
211 1794 499 1864 monogrammata.
520 1780 617 1841 Numi
632 1780 755 1843 fabrica
770 1780 908 1843 nimium
964 1779 1062 1841 toties
1081 1776 1346 1846 occurrentium?
1365 1783 1455 1845 istud
1471 1783 1604 1848 dubium
1624 1787 1710 1848 haud

159 1882 298 1965 elegans
323 1882 487 1965 persuasit
507 1882 698 1960 Frottchio,
726 1895 762 1945 ut
786 1882 908 1947 omisso
964 1878 1143 1951 difficulter
1172 1900 1271 1967 posse
1298 1882 1449 1967 expediri
1478 1905 1617 1964 ccoseo,
1648 1902 1710 1951 sta·
1835 1942 1838 1947 .

156 1986 282 2061 Batto,
313 1984 411 2067 eujus
429 2005 543 2048 aerum
568 1996 676 2048 tantae
709 2004 809 2074 capax
838 1985 908 2048 elc-
964 1981 1104 2056 toondo,
1127 2001 1200 2043 esse
1214 1982 1380 2047 decurtata
1394 1987 1638 2069 magistratuum
1652 2010 1709 2051 no·

159 2086 290 2170 gantiae
318 2106 386 2151 non
413 2086 562 2163 videtur,
596 2085 656 2148 hos
683 2107 799 2150 numos
828 2086 907 2149 uta·
962 2082 1058 2145 mina.
1102 2082 1149 2144 Si·
1169 2083 1259 2145 numi
1288 2082 1455 2148 Gottziani
1483 2089 1558 2151 loco
1584 2090 1640 2156 IV.
1674 2105 1708 2154 ct

157 2186 277 2251 :andri
296 2191 342 2255 M.
366 2190 463 2253 aetati
484 2188 696 2264 admoveret,
728 2200 763 2251 et
792 2186 906 2256 divisis
961 2185 1003 2253 V.
1023 2183 1181 2267 descripti
1196 2204 1262 2247 uon
1278 2184 1411 2263 fallunt,
1433 2184 1613 2255 erisETA.
1629 2210 1708 2253 con·

157 2290 267 2355 literis
293 2293 446 2376 legeret:
481 2287 644 2365 Βασιλεως
671 2278 852 2369 Αλέξανδρυ
873 2291 902 2373 ·)
960 2298 1099 2349 tractum
1121 2282 1334 2365 ΕΤΑΙΩΝ,
1370 2309 1453 2371 quae
1476 2309 1542 2353 uox
1566 2292 1707 2373 perinde

157 2413 243 2477 quae
264 2406 370 2456 tamen
393 2390 554 2455 sententia
574 2390 696 2453 nullam
717 2390 904 2455 hebetreri
960 2406 1082 2449 nomen
1109 2386 1271 2451 Graecum
1297 2388 1360 2453 viri
1399 2409 1472 2453 essc
1509 2405 1638 2473 potest,
1667 2414 1707 2457 ao

155 2495 313 2577 speciem.
351 2497 484 2578 Begcro
506 2494 670 2578 suppetias
692 2494 765 2556 tulit
779 2494 905 2556 Bimar·
961 2488 1150 2572 Αλκμαιω»,
1170 2489 1313 2550 Astraeus
1344 2503 1407 2555 cto.
1438 2504 1535 2575 atquo
1556 2491 1590 2553 id
1616 2508 1706 2558 tanto

158 2596 220 2659 dus
236 2594 433 2680 perhibens,
454 2616 569 2658 museo
584 2594 679 2680 regio
695 2614 814 2659 recens
833 2594 904 2658 illu·
959 2592 1118 2675 pronius,
1150 2589 1302 2673 qnoniam
1337 2592 1581 2672 magistratuum
1612 2617 1706 2659 roca·

155 2712 209 2761 tos
222 2698 325 2761 fuisse
339 2718 456 2771 numos
470 2697 643 2781 inscriptos
654 2694 774 2773 APK,
791 2694 901 2759 arun.
959 2691 1035 2755 buia
1054 2692 1089 2753 in
1108 2691 1215 2755 nuruis
1232 2694 1419 2773 Cyrenaicis
1435 2695 1551 2777 passim
1573 2697 1607 2758 in
1627 2719 1705 2763 casu
1723 2772 1727 2778 .

155 2802 211 2865 rel
236 2798 344 2867 Bau.
369 2780 407 2864 sc
433 2812 604 2882 praeterea
636 2798 679 2861 K.
703 2798 757 2860 vel
785 2795 902 2873 KTP,
958 2807 1051 2857 recto
1074 2792 1190 2857 efferri
1211 2793 1381 2872 videmus,
1411 2809 1445 2859 et
1465 2810 1570 2861 exstat
1587 2800 1705 2863 Euctus

154 2922 236 2986 quas
265 2902 371 2967 varias
398 2900 628 2981 inscriptiones
659 2899 816 2983 legendas
844 2897 901 2961 do·
957 2914 1079 2959 nomcn
1107 2895 1172 2958 riri
1205 2896 1374 2979 proprium
1405 2897 1489 2980 apud
1516 2898 1706 2986 Aristopha·

154 3016 228 3068 oct:
254 3001 524 3066 APKsauaavet
543 2998 901 3076 BATruKTPususuu,
957 3017 1055 3075 nem,
1086 3009 1124 3059 et
1140 2997 1410 3061 Demosthenem.
1454 2999 1578 3063 Eadem
1605 3003 1703 3066 ratio·

152 3104 345 3167 uibuendos
371 3103 455 3167 adeo
478 3104 575 3163 Batto
591 3102 647 3167 tv.
675 3112 707 3163 et
728 3101 899 3165 Arcesilae
956 3120 999 3162 ue
1023 3122 1058 3161 ro
1075 3096 1148 3162 BA.
1171 3098 1234 3160 crit
1253 3098 1340 3162 forte
1361 3122 1424 3183 pro
1444 3103 1610 3185 descripto
1634 3107 1703 3189 plc-

151 3206 373 3270 Bnttiadarurn
392 3202 527 3289 regihns
548 3202 743 3287 postremis,
766 3214 800 3264 et
821 3221 900 3285 quo·
955 3202 1029 3263 uiua
1058 3198 1144 3283 apud
1169 3198 1336 3263 Goltzium
1359 3200 1506 3265 ΒΑΒΙΚ.
1550 3206 1586 3265 Si
1611 3207 1703 3269 nurui

151 3310 238 3373 niam
261 3310 297 3372 hi
317 3328 417 3391 reges
441 3288 622 3391 syuciironi.
639 3304 734 3367 sucre
757 3304 841 3387 Cyro
864 3316 899 3367 et
955 3302 990 3365 hi
1007 3322 1126 3365 revera
1144 3299 1295 3381 Cyrenen
1312 3302 1495 3385 pertinent,
1517 3305 1599 3369 hacc
1614 3328 1703 3369 com·

154 3411 328 3495 cambysi,
355 3408 434 3473 inde
471 3406 563 3491 sequi
601 3406 662 3481 ait,
683 3404 745 3467 hos
780 3425 897 3467 numos
954 3402 1074 3489 pendia
1097 3399 1193 3463 facile
1215 3420 1257 3464 ox
1284 3401 1354 3483 ejus
1378 3402 1479 3484 ipsius
1500 3406 1607 3469 nuruis
1629 3428 1701 3471 oer-

150 3512 303 3577 omnibns
325 3512 482 3575 hactenns
499 3507 639 3595 coguitis
654 3507 898 3572 ossovetustio·
954 3508 1004 3577 tis,
1019 3506 1224 3567 illustrantur
1232 3519 1242 3576 3
1271 3522 1345 3563 nans
1374 3502 1407 3564 in
1429 3504 1479 3566 his
1502 3504 1619 3590 legere
1649 3523 1702 3572 est

149 3637 204 3679 res
219 3614 265 3697 b).
308 3615 434 3681 Verum
456 3609 645 3681 Bimartium
670 3609 770 3693 plene
795 3608 898 3695 rofei·
925 3614 931 3623 '
955 3607 1026 3671 ΘΕ.
1049 3621 1084 3669 et
1106 3596 1358 3667 ΘΕΤ(Ι)ΕῙ.ὀῑ
1380 3594 1702 3704 ΘΕΤ(Ῑ)Ῑ.ΞΙΔΕΤΣ,Ι

149 3718 192 3781 lit
209 3715 483 3797 Barthelcmyus,
511 3712 567 3797 qui
593 3710 709 3775 iisdem
734 3712 840 3774 nantis
861 3712 896 3775 in
954 3731 1036 3796 qnae
1060 3707 1144 3771 trina
1165 3704 1316 3786 exemplu
1352 3704 1422 3767 sola
1446 3705 1554 3771 tabula
1570 3710 1612 3775 V.
1639 3733 1700 3773 nu.

149 3840 287 3885 eumen
308 3814 430 3883 roratis
451 3836 526 3881 curn
546 3814 720 3897 deceptum
744 3832 816 3877 csse
839 3814 897 3877 do·
953 3832 1082 3877 morum
1112 3827 1285 3871 aureorum
1308 3805 1341 3866 in
1369 3806 1519 3892 catalogo
1541 3811 1700 3877 Pembro.

149 3938 201 3986 cst
220 3918 367 4005 legendo
382 3912 485 3981 KTP.
507 3912 607 3977 ΑΡΚ.
629 3936 691 3998 pro
708 3927 801 3978 certo
817 3910 895 3977 KT·
953 3915 1017 3977 utsii
1039 3908 1233 3995 suppeditat.
1276 3908 1337 3968 His
1357 3907 1440 3971 arido
1455 3906 1572 3974 ΔΑΜ.
1592 3910 1697 3975 ΚΤΔ.

147 4020 298 4099 ΡΑΝΑ,
326 4017 472 4105 legendo
492 4018 572 4081 item
596 4014 699 4081 ΒΑΤ.
729 4037 792 4101 pro
819 4036 896 4080 con.
954 4013 1051 4087 110.,
1090 4031 1172 4097 quae
1198 4010 1328 4092 plenius
1357 4010 1389 4070 in
1417 4010 1489 4072 aliis
1511 4014 1698 4077 scribuntur

149 4118 529 4196 stanteinnus'uisBA.,
552 4116 895 4181 utadeoontuoillud
952 4108 1325 4186 ΛΑΜΩΝΑΚΤΟΣ,
1367 4107 1571 4191 ΚΎΔΙΟΣ,
1616 4113 1697 4179 Πο-

151 4227 306 4302 subsidii,
326 4222 414 4308 quod
435 4222 559 4305 Begeri
580 4243 694 4286 causae
711 4240 752 4282 ex
772 4220 896 4284 Bimar·
950 4207 1241 4287 ΛΤΑΝΘΕΤΣ,
1263 4225 1298 4275 ut
1316 4212 1444 4274 erudito
1462 4213 1601 4280 adsentit
1620 4216 1696 4283 Pel·

152 4332 184 4392 di
220 4324 403 4415 praeconio
436 4322 595 4403 adfulsit,
628 4339 740 4412 suopte
779 4344 895 4391 essue·
952 4314 1146 4397 leriniusd),

448 4448 497 4519 (za

145 4610 1686 4645 w

183 4741 328 4817 s)iiotit.
350 4742 565 4817 elsm.p.158.
671 4734 985 4808 missitauerant.
1011 4734 1121 4810 poso.
1239 4728 1269 4789 ci
1289 4725 1321 4781 Β.
1339 4724 1373 4780 L·
1399 4728 1433 4781 Τ.
1450 4724 1554 4785 XXVI·
1581 4746 1611 4801 p.
1631 4694 1747 4791 555.-

152 4832 182 4905 ἃ)
200 4832 272 4891 Rois
299 4853 329 4911 p.
345 4844 389 4895 52·

1353 4904 1495 4998 ps.
