4292 5467
470 593 543 685 216
1113 591 1371 682 CAR-VM
1480 629 1503 638 ·*

470 759 602 854 penitus
621 763 846 846 eonnectitur,
867 783 941 828 nam
955 771 994 828 ‘at
1010 759 1097 826 hane
1117 761 1217 826 iuiaae
1276 763 1516 848 agonothetae,
1536 757 1585 824 aie
1607 760 1701 822 inere
1722 759 1820 822 etiam
1841 759 2015 841 agonothe-

472 869 626 933 htdorum
654 867 923 946 moderatorem,
939 866 1080 929 ¹'nomen
1112 866 1218 948 ipram
1276 863 1379 939 tidea,
1403 865 1448 927 de
1468 861 1603 948 quibua,-
1632 874 1668 923 nt
1691 860 1733 924 de
1751 862 1903 923 unireraa
1924 860 2014 942 bujua

474 965 650 1056 eloquitur.
693 971 833 1052 biegnae
873 967 974 1032 fuitne
1006 965 1072 1030 boe
1103 983 1220 1028 munna
1277 968 1481 1052 magiataatua
1494 965 1638 1040 ratione,
1654 962 1728 1026 ride
1741 962 1782 1028 ul.
1792 959 1939 1029 vanitate
1953 959 1994 1041 b).

474 1065 659 1157 dignitatie,
680 1093 723 1136 eo
741 1083 850 1155 puteat
867 1069 1027 1153 inteiligi,
1049 1067 1139 1152 quod
1155 1067 1219 1130 Ha·
1434 1066 1440 1080 '
1489 1055 1495 1066 ’
1640 1130 1661 1168 ι

474 1175 607 1237 drianua
625 1175 697 1256 ipae
715 1168 854 1235 Athenio
872 1191 934 1254 pru
954 1167 1150 1255 agonotheta
1169 1186 1223 1230 re·
1282 1179 1285 1186 '
1537 1175 1558 1218 ὓ
1744 1171 1764 1214 ⁵

474 1273 599 1337 a'ediaae
624 1273 732 1337 fertur
755 1273 796 1354 ⁸).
838 1272 955 1334 Fuirae
978 1270 1154 1334 discrimen
1175 1269 1224 1328 in·
1342 1267 1689 1331 emnastaltcfla
1708 1266 1787 1341 tuit,
1809 1265 1899 1348 qued
1915 1278 1950 1330 et
1964 1285 2017 1328 no·

474 1386 529 1438 ter
547 1373 835 1458 panegyriarohatu
851 1385 886 1436 et
902 1373 1148 1455 agonothetam,
1165 1369 1244 1456 dh,
1280 1381 1356 1432 tuen
1378 1367 1518 1445 indicat,
1541 1389 1711 1453 supremae
1732 1367 1890 1452 gymnasii
1912 1367 2020 1430 mode·

475 1477 574 1538 bituri
601 1475 654 1538 'vir
686 1487 814 1557 potest,
843 1489 920 1536 nam
944 1472 979 1533 in
1006 1470 1223 1536 marmoribua
1280 1484 1381 1558 rator.
1413 1470 1632 1533 Fuiaaebuno
1649 1469 1869 1554 magiatrntum
1887 1487 2018 1552 magnae

475 1599 554 1641 mox
582 1575 687 1640 uitatis
717 1589 893 1657 utrumque
917 1593 1034 1636 manua
1064 1570 1224 1656 particula
1281 1574 1380 1656 vulgo
1418 1570 1688 1647 existimationis,
1724 1569 1781 1635 vel
1812 1568 1891 1632 inde
1925 1583 2021 1654 patet,

475 1673 563 1742 ΚΑΙ
583 1678 660 1740 tatia
688 1675 906 1760 dintinguitur.
951 1676 1059 1760 htqae
1082 1675 1146 1736 buu
1171 1673 1225 1736 ad·
1281 1673 1593 1760 quodhi.Antoniaa
1608 1674 1719 1748 lllvir,
1737 1672 1902 1754 totiaaque
1917 1671 2023 1733 oriem

476 1779 579 1844 iniero
599 1796 804 1864 nequequam
827 1775 996 1853 dubitem,
1017 1775 1225 1860 penegyriar·
1281 1775 1323 1838 tia
1351 1788 1465 1838 rantur
1502 1773 1691 1858 promiserit
1720 1773 1960 1848 Taraenaibua,
1985 1791 2021 1835 ae

477 1881 574 1946 ubam
603 1878 761 1960 dignitato
792 1878 1018 1960 praeatitiaae,
1049 1877 1096 1941 aie
1122 1889 1159 1939 nt
1184 1874 1226 1938 ad
1281 1873 1368 1962 apud
1388 1895 1446 1940 eoa
1463 1877 1726 1962 gymuraiarubae
1743 1893 1881 1938 munere
1899 1874 2023 1938 innotu-

478 1983 566 2044 huno
584 2000 649 2042 noa
667 1980 737 2042 ania
755 1977 915 2040 ludorum'
923 1979 1111 2062 procuratio
1124 1977 1226 2062 paratz
1280 1999 1374 2052 rum,
1406 1996 1546 2062 eumque
1572 1979 1644 2063 ipre
1668 1999 1731 2062 per
1755 1998 1791 2040 ae
1818 1996 1936 2040 vaeare
1962 1975 2023 2038 boo

478 2096 594 2158 neret,
619 2101 703 2165 quaa
721 2079 872 2164 privatim
888 2079 1107 2162 agonothetae
1125 2079 1226 2142 fuerit
1281 2097 1419 2142 munere
1438 2099 1504 2141 non
1522 2094 1652 2164 portet,
1671 2081 1835 2143 Boethum
1862 2077 2022 2162 quendam

479 2183 652 2270 impunita,
674 2180 846 2246 sedetiam
863 2179 1112 2260 ureniheiornm,
1134 2181 1225 2246 vieti·
1281 2199 1344 2264 pro
1377 2201 1414 2243 ue
1443 2177 1739 2267 ἇπιτγυμνασιαρχοι
1770 2177 1941 2244 auffeoerit
1973 2199 2024 2242 re·

479 2303 628 2362 maram,
651 2283 798 2348 rolennia
818 2303 978 2368 pompae,
1006 2283 1095 2347 forte
1118 2297 1151 2346 et
1175 2279 1226 2346 rei
1282 2281 1386 2366 neptia
1407 2281 1441 2342 ia
1463 2301 1499 2345 aa
1521 2281 1745 2348 faciendorum
1769 2295 1957 2366 ramptaum
1978 2301 2025 2342 ra·

481 2387 696 2463 annonariae,
724 2389 856 2468 paneis,
878 2405 1089 2470 quaeeunque
1112 2384 1152 2448 ad
1173 2405 1228 2467 pa-
1283 2383 1435 2448 tionibua.
1479 2383 1571 2446 Hace
1598 2379 1718 2447 Straba
1739 2386 1780 2466 e).
1824 2383 1914 2478 Quid
1941 2383 2026 2467 qnod
2057 2430 2062 2442 ,

480 2507 646 2573 negyreoa
684 2485 894 2568 splendorem
925 2498 959 2548 et
984 2487 1155 2550 commoda
1182 2485 1228 2548 fn·
1284 2486 1651 2568 etTituaAaguatuein
1666 2506 1831 2549 marmore
1844 2484 2026 2562 Gratertd)

385 2653 393 2667 ‚
484 2606 564 2652 uere
585 2599 749 2672 poterant.
793 2586 984 2676 Quanquam
1012 2587 1115 2664 baeu,
1144 2604 1227 2672 quaa
1284 2579 1698 2672 M'QNOQETHZAZ.
1717 2588 1787 2649 ΊῸ.
1802 2583 1844 2652 Γ.
1861 2601 1896 2650 et
1910 2581 2028 2648 ΓΤΜ-

482 2687 697 2764 ‘modo-dixi,
727 2687 782 2751 rix
807 2689 933 2771 partiat
953 2680 995 2752 ad
1015 2707 1130 2751 omnea
1151 2707 1228 2752 unu·
1284 2681 1650 2753 ΝΑΣΙΑΡΧΗΣΑΣ.
1685 2687 1815 2754 dieitur.
1874 2689 1919 2752 Et
1949 2705 2027 2750 vero

485 2803 604 2855 rentur
633 2788 769 2869 valere;
799 2810 872 2851 nam
895 2790 1073 2854 veriaimile
1097 2802 1166 2866 eat,
1194 2789 1229 2850 iu
1285 2787 1483 2852 Aristotelea
1508 2810 1638 2873 quoque
1661 2789 1923 2874 gymnaaiarchaa
1945 2789 2030 2850 inter

485 2890 669 2956 civitatibur
690 2891 792 2974 magia
811 2890 974 2974 opalentia
990 2889 1148 2976 tertiaque
1164 2911 1231 2954 ma·
1286 2889 1414 2954 urbium
1433 2891 1638 2972 magiatrntua
1651 2905 1807 2956 recenset
1822 2897 1871 2973 ο),
1893 2905 1929 2954 et
1945 2889 2032 2952 iuter

483 2986 740 3077 ‘gia'eonapieuia
764 2990 864 3058 ditian
885 2993 974 3055 inter
994 2991 1108 3075 plurea
1127 2992 1228 3056 fairra
1285 3012 1398 3056 aaaron
1422 2992 1554 3077 quidem
1585 2992 1710 3071 fuiaae,
1742 3007 1880 3078 apparet
1902 3013 1946 3056 ex
1968 2993 2034 3054 De·

482 3095 618 3171 munia,
652 3113 735 3177 quae
766 3093 800 3155 iu
830 3091 1014 3158 civitatibua
1038 3093 1230 3172 minoribus,
1286 3095 1457 3157 morthene
1473 3091 1525 3176 f)t
1555 3090 1640 3172 ἕςυσι
1661 3117 1747 3180 apag,
1768 3094 1817 3160 dar
1838 3094 1925 3156 ruor'
1953 3099 2033 3172 irrata

484 3192 765 3279 'eonventibaaqne
796 3192 970 3257 ordinariie
1008 3195 1065 3256 uni
1107 3194 1230 3258 suerint
1284 3193 1351 3271 'r'sn
1379 3193 1497 3279 ἅῃαντιι
1516 3218 1558 3256 ra
1586 3193 1797 3280 ἆνκλωματα,
1829 3195 1862 3262 ἀι
1884 3215 2036 3282 perrepere

482 3291 698 3372 demandata,
728 3295 774 3358 aie
802 3309 841 3357 nt
867 3315 980 3379 parum
1002 3295 1164 3374 referret,
1190 3295 1229 3373 ia,
1285 3319 1336 3358 aar
1351 3293 1383 3358 ait
1398 3313 1652 3382 σγυμιασιαρχιω.
1684 3299 1810 3360 Dicent
1825 3302 1932 3373 enim,
1950 3317 2038 3358 sunt·

484 3399 542 3483 'qui
562 3394 658 3460 ladon
684 3395 938 3472 moderabatur,
966 3411 1097 3460 etaetne
1120 3397 1230 3460 dieen-
1284 3413 1364 3480 ptus
1387 3399 1448 3459 tos
1470 3417 1602 3475 omnes,
1640 3413 1680 3462 ut
1702 3412 1782 3468 sunt
1805 3399 1984 3480 eboregiae
2007 3409 2037 3458 et

425 3497 428 3502 ’
484 3501 547 3562 dur
566 3499 839 3582 panegyriareha,
861 3518 900 3560 nn
922 3489 1129 3580 agonotheta.
1165 3491 1231 3560 Ne·
1284 3501 1603 3582 gymnasiarchioe,
1642 3501 1688 3561 od
1724 3519 1823 3562 sarra
1855 3502 2036 3580 pertinere.

482 3615 552 3687 que
580 3620 662 3677 vero
694 3617 895 3681 magnopore
922 3598 1129 3681 probaverim
1157 3599 1231 3661 aub-
1288 3599 1495 3682 Magiatratua
1531 3597 1628 3680 hujua
1665 3620 1732 3663 non
1768 3598 1964 3683 infrequena
2002 3601 2039 3658 tit

484 3705 563 3766 tilea
584 3722 639 3765 ena
656 3700 880 3763 diutinotionea
899 3702 1134 3782 agonothetae,
1156 3721 1232 3782 ago·
1289 3700 1412 3766 mentio
1437 3698 1470 3760 in
1500 3701 1727 3765 marmoribua.
1771 3703 1928 3764 Ceterum
1954 3719 2038 3784 quae

484 3804 630 3867 narchae
652 3801 706 3865 vei
732 3800 998 3884 agonistarehae,
1019 3801 1233 3878 athlotbetae,
1289 3803 1352 3865 alia
1380 3800 1421 3864 ad
1443 3801 1761 3884 gymnasiareharum
1791 3823 1910 3864 munna
1939 3801 2040 3883 perti·
2108 3811 2109 3818 ’

486 3914 567 3987 'quaa
597 3901 779 3964 extundere
810 3913 944 3964 conatur
973 3915 1024 3963 eat
1042 3903 1232 3980 Vandaiiua,
1289 3917 1386 3978 nent,
1407 3923 1474 3965 non
1493 3925 1603 3966 meum
1620 3904 1676 3966 hio
1696 3904 1848 3966 existimo
1865 3897 1964 3964 latins
1988 3889 2041 3964 en·

486 4017 572 4088 tpaae
591 4021 668 4064 eane
687 3998 840 4065 ridentur
856 4001 957 4064 suinae
974 4003 1130 4066 voeabula
1146 4004 1232 4085 ejua·
1289 4023 1413 4086 ponere
1424 4049 1432 4081 ,
1442 4016 1484 4090 ⁸et
1499 4003 1605 4068 videri
1620 4005 1661 4068 de
1677 4005 1740 4068 hoe
1755 4017 1951 4088 argumento
1967 4023 2042 4088 poa-

489 4107 565 4170 dem
594 4101 838 4186 aignihuationia
866 4126 884 4166 a
915 4103 1127 4186 scriptoribua
1157 4125 1233 4189 pro·
1288 4125 1362 4172 aunt
1383 4107 1434 4170 rei
1456 4107 1655 4189 agoniatioae
1678 4107 1872 4190 auriptonea.

489 4207 615 4282 miscuo
631 4215 803 4286 usurpata,
825 4203 1095 4287 quemadmodum
1112 4205 1177 4281 itti,
1195 4219 1233 4274 ttt
1372 4209 1450 4272 Dixi
1479 4205 1514 4272 in
1536 4193 1675 4272 'moneta
1699 4209 1878 4292 Pergami,
1908 4207 2041 4269 unicum

485 4296 545 4370 ‘rel
582 4320 649 4368 nno
686 4305 838 4389 exemplo
870 4307 1231 4389 utar„proeonanlem
1288 4312 1376 4376 hune
1398 4331 1471 4374 eaae
1492 4330 1649 4386 numum,
1682 4311 1886 4395 quiritatum
1911 4329 2044 4392 gymna-

489 4409 671 4470 Romanam
701 4406 764 4486 jam
795 4406 910 4470 dixere
939 4405 1129 4485 ὥθιυτατοι,
1166 4409 1231 4492 jam
1289 4412 1436 4475 aiarehae
1475 4413 1677 4475 mentionem
1715 4411 1827 4475 offert.
1872 4411 2042 4474 Habemus

493 4529 665 4590 sawt,
685 4506 748 4586 5⁸⁰¹
764 4505 912 4592 dum,
933 4509 997 4590 jam
1018 4507 1164 4594 ἦὙεμονα.
1187 4511 1233 4578 Vt
1289 4532 1406 4577 numne
1428 4515 1547 4592 binua,
1579 4515 1614 4576 in
1645 4512 1763 4598 quibua
1793 4513 1920 4595 legitur
1951 4531 2043 4576 rota·

496 4643 2031 4679 Μ·-

486 4709 725 4802 'o'spmnn
745 4727 945 4785 nauatam:
1003 4730 1215 4802 mutoth.
1235 4748 1303 4792 er.
1376 4736 1606 4813 etnxtvp.
1626 4747 1750 4810 aaut.
1826 4733 1863 4806 t)
1884 4747 1996 4811 para.
2017 4741 2041 4796 t·

495 4813 525 4884 e)
544 4813 658 4874 Politia.
675 4815 710 4873 Ι..
727 4817 781 4878 VI.
801 4837 827 4874 c.
842 4827 870 4881 d·
943 4818 979 4890 f)
998 4832 1099 4878 contu
1118 4821 1273 4898 Leptinrm
1291 4844 1322 4900 p.
1342 4843 1381 4883 nt.
1400 4839 1464 4900 559.
